%%%%%%%%%%%%%%%%%%%%%%%%%%%%%%%%%%%%%%%%%%%%%%%%%%%%%%%%%%%%%%%%%%%%%%%
@techreport{GrotzGrundkurs0.1.2d,
    title = {{Grundkurs Python 3 Release 0.1.2d}},
    author = {Grotz, Bernhard},
    url = {http://www.grund-wissen.de},
    note = {Verfügbar unter \url{https://www.grund-wissen.de/informatik/python/index.html}, Aufgerufen am \today}
}

@misc{SpaCyDocumentation,
    title = {{spaCy 101: Everything you need to know {\textperiodcentered} spaCy Usage Documentation}},
    url = {https://spacy.io/usage/spacy-101},
    note = {Verfügbar unter \url{https://spacy.io/usage/spacy-101}, Aufgerufen am \today}
}

@misc{TransformersDocumentation,
    title = {{Transformers — transformers 2.10.0 documentation}},
    url = {https://huggingface.co/transformers/},
    note = {Verfügbar unter \url{https://huggingface.co/transformers/}, Aufgerufen am \today}
}


@misc{PyTorch-TransformersPyTorch,
    title = {{PyTorch-Transformers | PyTorch}},
    url = {https://pytorch.org/hub/huggingface_pytorch-transformers/},
    note = {Verfügbar unter \url{https://pytorch.org/hub/huggingface_pytorch-transformers/}, Aufgerufen am \today}
}

@book{rao2019natural,
  title={Natural Language Processing with PyTorch: Build Intelligent Language Applications Using Deep Learning},
  author={Rao, D. and McMahan, B.},
  isbn={9781491978238},
  lccn={2018277334},
  url={https://books.google.de/books?id=3m69tAEACAAJ},
  year={2019},
  publisher={O'Reilly Media}
}

@Inbook{Ketkar2017,
author="Ketkar, Nikhil",
title="Introduction to PyTorch",
bookTitle="Deep Learning with Python: A Hands-on Introduction",
year="2017",
publisher="Apress",
address="Berkeley, CA",
pages="195--208",
abstract="In this chapter, we will cover PyTorch which is a more recent addition to the ecosystem of the deep learning framework. PyTorch can be seen as a Python front end to the Torch engine (which initially only had Lua bindings) which at its heart provides the ability to define mathematical functions and compute their gradients. PyTorch has fairly good Graphical Processing Unit (GPU) support and is a fast-maturing framework.",
isbn="978-1-4842-2766-4",
doi="10.1007/978-1-4842-2766-4_12",
url="https://doi.org/10.1007/978-1-4842-2766-4_12"
}


@techreport{WIKIPEDIAWelt,
    title = {{WIKIPEDIA Die freie Enzyklop{\"{a}}die Der Leitfaden f{\"{u}}r alle, die etwas zu Wikipedia beitragen m{\"{o}}chten Teile dein Wissen gemeinsam mit anderen in der umfangreichsten Enzyklop{\"{a}}die der Welt!}}
}


@misc{Goldsmith/Wikipedia:API,
    title = {{goldsmith/Wikipedia: A Pythonic wrapper for the Wikipedia API}},
    url = {https://github.com/goldsmith/Wikipedia},
    note = {Verfügbar unter \url{https://github.com/goldsmith/Wikipedia}, Aufgerufen am \today}
}

@misc{API:HauptseiteMediaWiki,
    title = {{API:Hauptseite - MediaWiki}},
    url = {https://www.mediawiki.org/wiki/API:Main_page/de},
    note = {Verfügbar unter \url{https://www.mediawiki.org/wiki/API:Main_page/de}, Aufgerufen am \today}
}

@misc{Python-telegram-bot/python-telegram-bot:Refuse,
    title = {{python-telegram-bot/python-telegram-bot: We have made you a wrapper you can't refuse}},
    url = {https://github.com/python-telegram-bot/python-telegram-bot},
    note = {Verfügbar unter \url{https://github.com/python-telegram-bot/python-telegram-bot}, Aufgerufen am \today}
}

@misc{TelegramFAQ,
    title = {{Telegram FAQ}},
    url = {https://telegram.org/faq#q-what-is-telegram-what-do-i-do-here},
    note = {Verfügbar unter \url{https://telegram.org/faq#q-what-is-telegram-what-do-i-do-here}, Aufgerufen am \today}
}


@misc{TelegramAPIs,
    title = {{Telegram APIs}},
    url = {https://core.telegram.org/api},
    note = {Verfügbar unter \url{https://core.telegram.org/api}, Aufgerufen am \today}
}

@article{Hirschman2001NaturalHere,
    title = {{Natural language question answering: The view from here}},
    year = {2001},
    journal = {Natural Language Engineering},
    author = {Hirschman, L. and Gaizauskas, R.},
    number = {4},
    pages = {275--300},
    volume = {7},
    doi = {10.1017/S1351324901002807},
    issn = {14698110}
}

@article{Chali2011ImprovingKernels,
    title = {{Improving graph-based random walks for complex question answering using syntactic, shallow semantic and extended string subsequence kernels}},
    year = {2011},
    journal = {Information Processing and Management},
    author = {Chali, Yllias and Hasan, Sadid A. and Joty, Shafiq R.},
    number = {6},
    month = {11},
    pages = {843--855},
    volume = {47},
    doi = {10.1016/j.ipm.2010.10.002},
    issn = {03064573},
    keywords = {Complex question answering, Extended string subsequence kernel, Graph-based method, Shallow semantic kernel, Syntactic kernel}
}

@article{Dwivedi2013ResearchSystem,
    title = {{Research and Reviews in Question Answering System}},
    year = {2013},
    journal = {Procedia Technology},
    author = {Dwivedi, Sanjay K. and Singh, Vaishali},
    pages = {417--424},
    volume = {10},
    publisher = {Elsevier BV},
    doi = {10.1016/j.protcy.2013.12.378},
    issn = {22120173}
}

@inproceedings{Ansari2016IntelligentNetwork,
    title = {{Intelligent question answering system based on artificial neural network}},
    year = {2016},
    booktitle = {Proceedings of 2nd IEEE International Conference on Engineering and Technology, ICETECH 2016},
    author = {Ansari, Ahlam and Maknojia, Moonish and Shaikh, Altamash},
    month = {9},
    pages = {758--763},
    publisher = {Institute of Electrical and Electronics Engineers Inc.},
    isbn = {9781467399166},
    doi = {10.1109/ICETECH.2016.7569350},
    keywords = {Artificial Neural Network, NLP, Question Answering System}
}

@inproceedings{Lende2016QuestionTechniques,
    title = {{Question answering system on education acts using NLP techniques}},
    year = {2016},
    booktitle = {IEEE WCTFTR 2016 - Proceedings of 2016 World Conference on Futuristic Trends in Research and Innovation for Social Welfare},
    author = {Lende, Sweta P. and Raghuwanshi, M. M.},
    month = {10},
    publisher = {Institute of Electrical and Electronics Engineers Inc.},
    isbn = {9781467392143},
    doi = {10.1109/STARTUP.2016.7583963},
    keywords = {Education Acts, Information Retrieval, NLP, Question Answering}
}

@article{CalijorneSoares2018ASystems,
    title = {{A literature review on question answering techniques, paradigms and systems}},
    year = {2018},
    journal = {Journal of King Saud University - Computer and Information Sciences},
    author = {Calijorne Soares, Marco Antonio and Parreiras, Fernando Silva},
    publisher = {King Saud bin Abdulaziz University},
    doi = {10.1016/j.jksuci.2018.08.005},
    issn = {22131248},
    keywords = {Information retrieval, Natural language processing, Question answering systems}
}

@article{RetrievalOpen-DomainQuestion-Answering,
    title = {{Open-Domain Question-Answering}},
    journal = {nowpublishers.com},
    author = {Retrieval, J Prager - Foundations and Trends® in Information and 2007, undefined},
    url = {http://dx.doi.org/10.1561/1500000001},
    isbn = {9781601980526},
    doi = {10.1561/1500000001}
}
@inproceedings{Malik2013DomainSystem,
    title = {{Domain knowledge enriched framework for restricted domain question answering system}},
    year = {2013},
    booktitle = {2013 IEEE International Conference on Computational Intelligence and Computing Research, IEEE ICCIC 2013},
    author = {Malik, Nidhi and Sharan, Aditi and Biswas, Payal},
    publisher = {IEEE Computer Society},
    isbn = {9781479915972},
    doi = {10.1109/ICCIC.2013.6724163},
    keywords = {Answer processing, Ontology, Question Answering, Question processing, Restricted domain question answering}
}

@article{Hamed2016AClassification,
    title = {{A question answering system on Holy Quran translation based on question expansion technique and Neural Network classification}},
    year = {2016},
    journal = {Journal of Computer Science},
    author = {Hamed, Suhaib Kh and Aziz, Mohd Juzaiddin Ab},
    number = {3},
    pages = {169--177},
    volume = {12},
    publisher = {Science Publications},
    doi = {10.3844/jcssp.2016.169.177},
    issn = {15493636},
    keywords = {Holy quran, Neural network classification, Question answering system, Question expansion technique}
}

@article{Kolomiyets2011APerspective,
    title = {{A survey on question answering technology from an information retrieval perspective}},
    year = {2011},
    journal = {Information Sciences},
    author = {Kolomiyets, Oleksandr and Moens, Marie Francine},
    number = {24},
    month = {12},
    pages = {5412--5434},
    volume = {181},
    publisher = {Elsevier Inc.},
    doi = {10.1016/j.ins.2011.07.047},
    issn = {00200255},
    keywords = {Information retrieval, Natural language interfaces, Question answering, Retrieval and ranking models}
}

@article{Heie2012QuestionModelling,
    title = {{Question answering using statistical language modelling}},
    year = {2012},
    journal = {Computer Speech and Language},
    author = {Heie, Matthias H. and Whittaker, Edward W.D. and Furui, Sadaoki},
    number = {3},
    month = {6},
    pages = {193--209},
    volume = {26},
    doi = {10.1016/j.csl.2011.11.001},
    issn = {08852308},
    keywords = {Language modelling, Question answering}
}

@article{Neves2015QuestionBiology,
    title = {{Question answering for Biology}},
    year = {2015},
    journal = {Methods},
    author = {Neves, Mariana and Leser, Ulf},
    month = {3},
    pages = {36--46},
    volume = {74},
    publisher = {Academic Press Inc.},
    doi = {10.1016/j.ymeth.2014.10.023},
    issn = {10959130},
    keywords = {Biomedicine, Data integration, Natural language processing, Question answering}
}

@article{Garcia-CumbrerasArchitectureSystem,
    title = {{Architecture and evaluation of BRUJA, a multilingual question answering system}},
    author = {Garc{\'{i}}a-Cumbreras, M A ´ and Mart{\'{i}}nez-Santiago, F and Ure{\~{n}}a-L{\'{o}}pez, L A},
    url = {http://www.clef-campaign.org/.},
    doi = {10.1007/s10791-011-9177-5},
    keywords = {Cross Language Information Retrieval, Multilingual question answering, Question answering}
}

@inproceedings{Bhoir2014QuestionApproach,
    title = {{Question answering system: A heuristic approach}},
    year = {2014},
    booktitle = {5th International Conference on the Applications of Digital Information and Web Technologies, ICADIWT 2014},
    author = {Bhoir, Varsha and Potey, M. A.},
    pages = {165--170},
    publisher = {IEEE Computer Society},
    doi = {10.1109/ICADIWT.2014.6814704},
    keywords = {crawler, information extraction, information retrieval, natural language, question answering, seed url, token}
}