@article{Bach2013Making.,
    title = {{ Beyond Jeopardy! : Harnessing IBM's Watson to improve oncology decision making. }},
    year = {2013},
    journal = {Journal of Clinical Oncology},
    author = {Bach, Peter and Zauderer, Marjorie Glass and Gucalp, Ayca and Epstein, Andrew S. and Norton, Larry and Seidman, Andrew David and Caroline, Aryeh and Grigorenko, Alexander and Bartashnik, Aleksandra and Wagner, Isaac and Keesing, Jeffrey and Kohn, Martin and Hsiao, Franny and Megerian, Mark and Stevens, Rick J and Malin, Jennifer and Whitney, John and Kris, Mark G.},
    number = {15{\_}suppl},
    month = {5},
    pages = {6508--6508},
    volume = {31},
    publisher = {American Society of Clinical Oncology (ASCO)},
    doi = {10.1200/jco.2013.31.15{\_}suppl.6508},
    issn = {0732-183X}
}

@article{NoTitle,
    title = {{(No Title)}},
    doi = {10.1207/S15516709COG27037}
}

@article{NoTitleb,
    title = {{(No Title)}},
    doi = {10.1162/COLIA00051}
}

@article{NoTitlec,
    title = {{(No Title)}},
    doi = {10.1007/978-1-4020-4746-618}
}

@article{NoTitled,
    title = {{(No Title)}},
    doi = {10.1007/978-1-4020-5958-213}
}

@article{NoTitlee,
    title = {{(No Title)}},
    doi = {10.1162/COLIA00051}
}

@inproceedings{Peng2010ADomain,
    title = {{A Chinese Question Answering system using web service on restricted domain}},
    year = {2010},
    booktitle = {Proceedings - International Conference on Artificial Intelligence and Computational Intelligence, AICI 2010},
    author = {Peng, Xinyi and Chen, Yaopeng and Huang, Zhiwei},
    pages = {350--353},
    volume = {1},
    isbn = {9780769542256},
    doi = {10.1109/AICI.2010.80},
    keywords = {Box Computing, Component, Edit distance, ICTCLAS, Ontology, Question Answering system}
}

@inproceedings{Peng2010ADomainb,
    title = {{A Chinese Question Answering system using web service on restricted domain}},
    year = {2010},
    booktitle = {Proceedings - International Conference on Artificial Intelligence and Computational Intelligence, AICI 2010},
    author = {Peng, Xinyi and Chen, Yaopeng and Huang, Zhiwei},
    pages = {350--353},
    volume = {1},
    isbn = {9780769542256},
    doi = {10.1109/AICI.2010.80},
    keywords = {Box Computing, Component, Edit distance, ICTCLAS, Ontology, Question Answering system}
}

@inproceedings{Biswas2014ASystem,
    title = {{A framework for restricted domain Question Answering System}},
    year = {2014},
    booktitle = {Proceedings of the 2014 International Conference on Issues and Challenges in Intelligent Computing Techniques, ICICT 2014},
    author = {Biswas, Payal and Sharan, Aditi and Malik, Nidhi},
    pages = {613--620},
    publisher = {IEEE Computer Society},
    doi = {10.1109/ICICICT.2014.6781351},
    keywords = {Answer Extraction Module, Definition Type Question, Descriptive Type Question, Document Processing Module, Factoid Type Question, Paragraph Extraction Module, Question Answering System, Question Processing Module}
}

@techreport{BiswasASYSTEM,
    title = {{A FRAMEWORK FOR RESTRICTED DOMAIN QUESTION ANSWERING SYSTEM}},
    booktitle = {ieeexplore.ieee.org},
    author = {Biswas, Payal and Sharan, Aditi and Malik, Nidhi},
    url = {https://ieeexplore.ieee.org/abstract/document/6781351/},
    keywords = {Answer Extraction Module, Definition Type Question, Descriptive Type Question, Document Processing Module, Factoid Type Question, Paragraph Extraction Module, Question Answering System, Question Processing Module}
}

@inproceedings{Athenikos2009ALOQAS-Med,
    title = {{A framework of a logic-based question-answering system for the medical domain (LOQAS-Med)}},
    year = {2009},
    booktitle = {Proceedings of the ACM Symposium on Applied Computing},
    author = {Athenikos, Sofia J. and Han, Hyoil and Brooks, Ari D.},
    pages = {847--851},
    isbn = {9781605581668},
    doi = {10.1145/1529282.1529462},
    keywords = {Biomedical informatics, Description logics, Natural language processing, Question answering, Semantic text mining}
}

@inproceedings{Athenikos2009ALOQAS-Medb,
    title = {{A framework of a logic-based question-answering system for the medical domain (LOQAS-Med)}},
    year = {2009},
    booktitle = {Proceedings of the ACM Symposium on Applied Computing},
    author = {Athenikos, Sofia J. and Han, Hyoil and Brooks, Ari D.},
    pages = {847--851},
    isbn = {9781605581668},
    doi = {10.1145/1529282.1529462},
    keywords = {Biomedical informatics, Description logics, Natural language processing, Question answering, Semantic text mining}
}

@article{Pinto2014AUnderstanding,
    title = {{A graph-based multi-level linguistic representation for document understanding}},
    year = {2014},
    journal = {Pattern Recognition Letters},
    author = {Pinto, David and G{\'{o}}mez-Adorno, Helena and Vilari{\~{n}}o, Darnes and Singh, Vivek Kumar},
    number = {1},
    month = {5},
    pages = {93--102},
    volume = {41},
    doi = {10.1016/j.patrec.2013.12.004},
    issn = {01678655},
    keywords = {Graph-based representation, Text mining, Text representation}
}

@article{Pinto2014AUnderstandingb,
    title = {{A graph-based multi-level linguistic representation for document understanding}},
    year = {2014},
    journal = {Pattern Recognition Letters},
    author = {Pinto, David and G{\'{o}}mez-Adorno, Helena and Vilari{\~{n}}o, Darnes and Singh, Vivek Kumar},
    number = {1},
    month = {5},
    pages = {93--102},
    volume = {41},
    doi = {10.1016/j.patrec.2013.12.004},
    issn = {01678655},
    keywords = {Graph-based representation, Text mining, Text representation}
}

@article{Okoli2012AResearch,
    title = {{A Guide to Conducting a Systematic Literature Review of Information Systems Research}},
    year = {2012},
    journal = {SSRN Electronic Journal},
    author = {Okoli, Chitu and Schabram, Kira},
    month = {1},
    publisher = {Elsevier BV},
    doi = {10.2139/ssrn.1954824}
}

@article{Okoli2012AResearchb,
    title = {{A Guide to Conducting a Systematic Literature Review of Information Systems Research}},
    year = {2012},
    journal = {SSRN Electronic Journal},
    author = {Okoli, Chitu and Schabram, Kira},
    month = {1},
    publisher = {Elsevier BV},
    doi = {10.2139/ssrn.1954824}
}

@inproceedings{Kumar2005ADocuments,
    title = {{A Hindi question answering system for E-learning documents}},
    year = {2005},
    booktitle = {Proceedings - 3rd International Conference on Intelligent Sensing and Information Processing, ICISIP 2005},
    author = {Kumar, P. and Kashyap, S. and Mittal, A. and Gupta, S.},
    pages = {80--85},
    publisher = {Institute of Electrical and Electronics Engineers Inc.},
    isbn = {0780395883},
    doi = {10.1109/ICISIP.2005.1619416},
    keywords = {Agriculture, Computer science education, Databases, Educational institutions, Electronic learning, Information retrieval, Knowledge engineering, Natural languages, Search engines, Utility programs}
}

@inproceedings{Kumar2005ADocumentsb,
    title = {{A Hindi question answering system for E-learning documents}},
    year = {2005},
    booktitle = {Proceedings - 3rd International Conference on Intelligent Sensing and Information Processing, ICISIP 2005},
    author = {Kumar, P. and Kashyap, S. and Mittal, A. and Gupta, S.},
    pages = {80--85},
    publisher = {Institute of Electrical and Electronics Engineers Inc.},
    isbn = {0780395883},
    doi = {10.1109/ICISIP.2005.1619416},
    keywords = {Agriculture, Computer science education, Databases, Educational institutions, Electronic learning, Information retrieval, Knowledge engineering, Natural languages, Search engines, Utility programs}
}

@inproceedings{Kumar2005ADocumentsc,
    title = {{A Hindi question answering system for E-learning documents}},
    year = {2005},
    booktitle = {Proceedings - 3rd International Conference on Intelligent Sensing and Information Processing, ICISIP 2005},
    author = {Kumar, P. and Kashyap, S. and Mittal, A. and Gupta, S.},
    pages = {80--85},
    publisher = {Institute of Electrical and Electronics Engineers Inc.},
    isbn = {0780395883},
    doi = {10.1109/ICISIP.2005.1619416},
    keywords = {Agriculture, Computer science education, Databases, Educational institutions, Electronic learning, Information retrieval, Knowledge engineering, Natural languages, Search engines, Utility programs}
}

@inproceedings{Nanda2016AApproach,
    title = {{A Hindi Question Answering System using Machine Learning approach}},
    year = {2016},
    booktitle = {2016 International Conference on Computational Techniques in Information and Communication Technologies, ICCTICT 2016 - Proceedings},
    author = {Nanda, Garima and Dua, Mohit and Singla, Krishma},
    month = {7},
    pages = {311--314},
    publisher = {Institute of Electrical and Electronics Engineers Inc.},
    isbn = {9781509000821},
    doi = {10.1109/ICCTICT.2016.7514599},
    keywords = {Classification, Information Retrieval, Machine Learning, Natural Language, Question Answering System}
}

@inproceedings{Nanda2016AApproachb,
    title = {{A Hindi Question Answering System using Machine Learning approach}},
    year = {2016},
    booktitle = {2016 International Conference on Computational Techniques in Information and Communication Technologies, ICCTICT 2016 - Proceedings},
    author = {Nanda, Garima and Dua, Mohit and Singla, Krishma},
    month = {7},
    pages = {311--314},
    publisher = {Institute of Electrical and Electronics Engineers Inc.},
    isbn = {9781509000821},
    doi = {10.1109/ICCTICT.2016.7514599},
    keywords = {Classification, Information Retrieval, Machine Learning, Natural Language, Question Answering System}
}

@article{Terol2007AProblem,
    title = {{A knowledge based method for the medical question answering problem}},
    year = {2007},
    journal = {Computers in Biology and Medicine},
    author = {Terol, Rafael M. and Mart{\'{i}}nez-Barco, Patricio and Palomar, Manuel},
    number = {10},
    month = {10},
    pages = {1511--1521},
    volume = {37},
    doi = {10.1016/j.compbiomed.2007.01.013},
    issn = {00104825},
    keywords = {Bioinformatics, Biomedical, Medical question taxonomies, Medicine, Medinformatics, Question answering framework, Text mining}
}

@article{Terol2007AProblemb,
    title = {{A knowledge based method for the medical question answering problem}},
    year = {2007},
    journal = {Computers in Biology and Medicine},
    author = {Terol, Rafael M. and Mart{\'{i}}nez-Barco, Patricio and Palomar, Manuel},
    number = {10},
    month = {10},
    pages = {1511--1521},
    volume = {37},
    doi = {10.1016/j.compbiomed.2007.01.013},
    issn = {00104825},
    keywords = {Bioinformatics, Biomedical, Medical question taxonomies, Medicine, Medinformatics, Question answering framework, Text mining}
}

@techreport{Clark1999AQuestion-Answering,
    title = {{A Knowledge-Based Approach to Question-Answering}},
    year = {1999},
    booktitle = {Citeseer},
    author = {Clark, Peter and Thompson, John and Porter, Bruce},
    url = {http://www.cs.utexas.edu/users/pclark/papers}
}

@inproceedings{Tapeh2008AECommerce,
    title = {{A knowledge-based question answering system for B2C eCommerce}},
    year = {2008},
    booktitle = {Proceedings - International Conference on Information Technology: New Generations, ITNG 2008},
    author = {Tapeh, Ali Ghobadi and Rahgozar, Maseud},
    pages = {321--326},
    isbn = {0769530990},
    doi = {10.1109/ITNG.2008.262},
    keywords = {Comparative shopping, Question answering, Semantic correspondence, Semantic similarity}
}

@inproceedings{Tapeh2008AECommerceb,
    title = {{A knowledge-based question answering system for B2C eCommerce}},
    year = {2008},
    booktitle = {Proceedings - International Conference on Information Technology: New Generations, ITNG 2008},
    author = {Tapeh, Ali Ghobadi and Rahgozar, Maseud},
    pages = {321--326},
    isbn = {0769530990},
    doi = {10.1109/ITNG.2008.262},
    keywords = {Comparative shopping, Question answering, Semantic correspondence, Semantic similarity}
}

@inproceedings{Nasir2011AClassification,
    title = {{A knowledge-based semantic kernel for text classification}},
    year = {2011},
    booktitle = {Lecture Notes in Computer Science (including subseries Lecture Notes in Artificial Intelligence and Lecture Notes in Bioinformatics)},
    author = {Nasir, Jamal Abdul and Karim, Asim and Tsatsaronis, George and Varlamis, Iraklis},
    pages = {261--266},
    volume = {7024 LNCS},
    isbn = {9783642245824},
    doi = {10.1007/978-3-642-24583-1{\_}25},
    issn = {03029743},
    keywords = {Semantic Kernels, Text Classification, Thesaurus}
}

@inproceedings{Solorio2004AClassification,
    title = {{A language independent method for question classification}},
    year = {2004},
    booktitle = {Proceedings of the 20th international conference on Computational Linguistics  - COLING '04},
    author = {Solorio, Thamar and P{\'{e}}rez-Couti{\~{n}}o, Manuel and Montes-y-G{\'{e}}mez, Manuel and Villase{\~{n}}or-Pineda, Luis and L{\'{o}}pez-L{\'{o}}pez, Aurelio},
    pages = {1374-es},
    publisher = {Association for Computational Linguistics (ACL)},
    url = {http://portal.acm.org/citation.cfm?doid=1220355.1220556},
    address = {Morristown, NJ, USA},
    doi = {10.3115/1220355.1220556}
}

@inproceedings{Solorio2004AClassificationb,
    title = {{A language independent method for question classification}},
    year = {2004},
    author = {Solorio, Thamar and P{\'{e}}rez-Couti{\~{n}}o, Manuel and Montes-y-G{\'{e}}mez, Manuel and Villase{\~{n}}or-Pineda, Luis and L{\'{o}}pez-L{\'{o}}pez, Aurelio},
    pages = {1374-es},
    publisher = {Association for Computational Linguistics (ACL)},
    doi = {10.3115/1220355.1220556}
}

@inproceedings{Solorio2004AClassificationc,
    title = {{A language independent method for question classification}},
    year = {2004},
    author = {Solorio, Thamar and P{\'{e}}rez-Couti{\~{n}}o, Manuel and Montes-y-G{\'{e}}mez, Manuel and Villase{\~{n}}or-Pineda, Luis and L{\'{o}}pez-L{\'{o}}pez, Aurelio},
    pages = {1374-es},
    publisher = {Association for Computational Linguistics (ACL)},
    doi = {10.3115/1220355.1220556}
}

@article{Koutsomitropoulos2018AThesauri,
    title = {{A learning object ontology repository to support annotation and discovery of educational resources using semantic thesauri}},
    year = {2018},
    journal = {IFLA Journal},
    author = {Koutsomitropoulos, Dimitrios A. and Solomou, Georgia D.},
    number = {1},
    month = {3},
    pages = {4--22},
    volume = {44},
    publisher = {SAGE Publications Ltd},
    doi = {10.1177/0340035217737559},
    issn = {17452651},
    keywords = {Learning objects, SKOS, WebProt{\'{e}}g{\'{e}}, linked data, ontologies, thesauri}
}

@article{CalijorneSoares2018ASystems,
    title = {{A literature review on question answering techniques, paradigms and systems}},
    year = {2018},
    journal = {Journal of King Saud University - Computer and Information Sciences},
    author = {Calijorne Soares, Marco Antonio and Parreiras, Fernando Silva},
    publisher = {King Saud bin Abdulaziz University},
    doi = {10.1016/j.jksuci.2018.08.005},
    issn = {22131248},
    keywords = {Information retrieval, Natural language processing, Question answering systems}
}

@article{CalijorneSoares2018ASystemsb,
    title = {{A literature review on question answering techniques, paradigms and systems}},
    year = {2018},
    journal = {Journal of King Saud University - Computer and Information Sciences},
    author = {Calijorne Soares, Marco Antonio and Parreiras, Fernando Silva},
    month = {8},
    publisher = {King Saud bin Abdulaziz University},
    doi = {10.1016/j.jksuci.2018.08.005},
    issn = {22131248},
    keywords = {Information retrieval, Natural language processing, Question answering systems}
}

@article{CalijorneSoares2018ASystemsc,
    title = {{A literature review on question answering techniques, paradigms and systems}},
    year = {2018},
    journal = {Journal of King Saud University - Computer and Information Sciences},
    author = {Calijorne Soares, Marco Antonio and Parreiras, Fernando Silva},
    publisher = {King Saud bin Abdulaziz University},
    doi = {10.1016/j.jksuci.2018.08.005},
    issn = {22131248},
    keywords = {Information retrieval, Natural language processing, Question answering systems}
}

@article{Kunichika2007AInteraction,
    title = {{A method for evaluating answers by comparing semantic information in a question and answer interaction}},
    year = {2007},
    journal = {Systems and Computers in Japan},
    author = {Kunichika, Hidenobu and Honda, Minoru and Hiroshima, Tsukasa and Takeuchi, Akira},
    number = {7},
    month = {6},
    pages = {84--97},
    volume = {38},
    doi = {10.1002/scj.20432},
    issn = {08821666},
    keywords = {Disambiguation, English learning, Intelligent CALL, Questions and answers, True-false decision}
}

@article{Kunichika2007AInteractionb,
    title = {{A method for evaluating answers by comparing semantic information in a question and answer interaction}},
    year = {2007},
    journal = {Systems and Computers in Japan},
    author = {Kunichika, Hidenobu and Honda, Minoru and Hiroshima, Tsukasa and Takeuchi, Akira},
    number = {7},
    month = {6},
    pages = {84--97},
    volume = {38},
    doi = {10.1002/scj.20432},
    issn = {08821666},
    keywords = {Disambiguation, English learning, Intelligent CALL, Questions and answers, True-false decision}
}

@article{Kunichika2007AInteractionc,
    title = {{A method for evaluating answers by comparing semantic information in a question and answer interaction}},
    year = {2007},
    journal = {Systems and Computers in Japan},
    author = {Kunichika, Hidenobu and Honda, Minoru and Hiroshima, Tsukasa and Takeuchi, Akira},
    number = {7},
    month = {6},
    pages = {84--97},
    volume = {38},
    doi = {10.1002/scj.20432},
    issn = {08821666},
    keywords = {Disambiguation, English learning, Intelligent CALL, Questions and answers, True-false decision}
}

@article{Guo2009AAnswering,
    title = {{A novel approach for agent ontology and its application in question answering}},
    year = {2009},
    journal = {Journal of Central South University of Technology (English Edition)},
    author = {Guo, Qing Lin},
    number = {5},
    month = {10},
    pages = {781--788},
    volume = {16},
    doi = {10.1007/s11771-009-0130-3},
    issn = {10059784},
    keywords = {Agent ontology, Answer extraction, Concept extraction, Natural language processing, Question answering, Semantic web}
}

@article{Guo2009AAnsweringb,
    title = {{A novel approach for agent ontology and its application in question answering}},
    year = {2009},
    journal = {Journal of Central South University of Technology (English Edition)},
    author = {Guo, Qing Lin},
    number = {5},
    month = {10},
    pages = {781--788},
    volume = {16},
    doi = {10.1007/s11771-009-0130-3},
    issn = {10059784},
    keywords = {Agent ontology, Answer extraction, Concept extraction, Natural language processing, Question answering, Semantic web}
}

@article{Guo2009AAnsweringc,
    title = {{A novel approach for agent ontology and its application in question answering}},
    year = {2009},
    journal = {Journal of Central South University of Technology (English Edition)},
    author = {Guo, Qing Lin},
    number = {5},
    month = {10},
    pages = {781--788},
    volume = {16},
    doi = {10.1007/s11771-009-0130-3},
    issn = {10059784},
    keywords = {Agent ontology, Answer extraction, Concept extraction, Natural language processing, Question answering, Semantic web}
}

@techreport{ChungADomains,
    title = {{A Practical QA System in Restricted Domains}},
    booktitle = {aclweb.org},
    author = {Chung, Hoojung and Song, Young-In and Han, Kyoung-Soo and Yoon, Do-Sang and Lee, Joo-Young and Rim, Hae-Chang and Kim, Soo-Hong},
    url = {https://www.aclweb.org/anthology/W04-0507.pdf}
}

@article{Ko2007AAnswering,
    title = {{A probabilistic graphical model for joint answer ranking in question answering}},
    year = {2007},
    journal = {Proceedings of the 30th Annual International ACM SIGIR Conference on Research and Development in Information Retrieval, SIGIR'07},
    author = {Ko, Jeongwoo and Nyberg, Eric and Si, Luo},
    pages = {343--350},
    isbn = {1595935975},
    doi = {10.1145/1277741.1277801},
    keywords = {Answer ranking, Probabilistic graphical model, Question answering}
}

@article{Ko2007AAnsweringb,
    title = {{A probabilistic graphical model for joint answer ranking in question answering}},
    year = {2007},
    journal = {Proceedings of the 30th Annual International ACM SIGIR Conference on Research and Development in Information Retrieval, SIGIR'07},
    author = {Ko, Jeongwoo and Nyberg, Eric and Si, Luo},
    pages = {343--350},
    isbn = {1595935975},
    doi = {10.1145/1277741.1277801},
    keywords = {Answer ranking, Probabilistic graphical model, Question answering}
}

@article{Ko2007AAnsweringc,
    title = {{A probabilistic graphical model for joint answer ranking in question answering}},
    year = {2007},
    journal = {Proceedings of the 30th Annual International ACM SIGIR Conference on Research and Development in Information Retrieval, SIGIR'07},
    author = {Ko, Jeongwoo and Nyberg, Eric and Si, Luo},
    pages = {343--350},
    isbn = {1595935975},
    doi = {10.1145/1277741.1277801},
    keywords = {Answer ranking, Probabilistic graphical model, Question answering}
}

@inproceedings{Wen2008AFrames,
    title = {{A question answering system based on VerbNet frames}},
    year = {2008},
    booktitle = {2008 International Conference on Natural Language Processing and Knowledge Engineering, NLP-KE 2008},
    author = {Wen, Dunwei and Jiang, Shen and He, Yangjian},
    isbn = {9781424427802},
    doi = {10.1109/NLPKE.2008.4906769}
}

@inproceedings{Wen2008AFramesb,
    title = {{A question answering system based on VerbNet frames}},
    year = {2008},
    booktitle = {2008 International Conference on Natural Language Processing and Knowledge Engineering, NLP-KE 2008},
    author = {Wen, Dunwei and Jiang, Shen and He, Yangjian},
    isbn = {9781424427802},
    doi = {10.1109/NLPKE.2008.4906769}
}

@inproceedings{Wang2000ACourse,
    title = {{A question answering system developed as a project in a natural language processing course}},
    year = {2000},
    author = {Wang, W. and Auer, J. and Parasuraman, R. and Zubarev, I. and Brandyberry, D. and Harper, M. P.},
    pages = {28--35},
    publisher = {Association for Computational Linguistics (ACL)},
    doi = {10.3115/1117595.1117600}
}

@inproceedings{Wang2000ACourseb,
    title = {{A question answering system developed as a project in a natural language processing course}},
    year = {2000},
    author = {Wang, W. and Auer, J. and Parasuraman, R. and Zubarev, I. and Brandyberry, D. and Harper, M. P.},
    pages = {28--35},
    publisher = {Association for Computational Linguistics (ACL)},
    doi = {10.3115/1117595.1117600}
}

@article{Cheng2002AApplications,
    title = {{A question answering system for project management applications}},
    year = {2002},
    journal = {Advanced Engineering Informatics},
    author = {Cheng, Jinxing and Kumar, Bimal and Law, Kincho H.},
    number = {4},
    pages = {277--289},
    volume = {16},
    publisher = {Elsevier Ltd},
    doi = {10.1016/S1474-0346(03)00014-4},
    issn = {14740346},
    keywords = {IfcXML, Knowledge representation, Question answering, XQuery}
}

@techreport{ChengAAPPLICATIONS,
    title = {{A QUESTION ANSWERING SYSTEM FOR PROJECT MANAGEMENT APPLICATIONS}},
    booktitle = {Elsevier},
    author = {Cheng, Jinxing and Kumar, Bimal and Law, Kincho H},
    url = {https://www.sciencedirect.com/science/article/pii/S1474034603000144},
    keywords = {Knowledge Representation, Question Answering, XQuery, ifcXML}
}

@article{Hamed2016AClassification,
    title = {{A question answering system on Holy Quran translation based on question expansion technique and Neural Network classification}},
    year = {2016},
    journal = {Journal of Computer Science},
    author = {Hamed, Suhaib Kh and Aziz, Mohd Juzaiddin Ab},
    number = {3},
    pages = {169--177},
    volume = {12},
    publisher = {Science Publications},
    doi = {10.3844/jcssp.2016.169.177},
    issn = {15493636},
    keywords = {Holy quran, Neural network classification, Question answering system, Question expansion technique}
}

@article{Hamed2016AClassificationb,
    title = {{A question answering system on Holy Quran translation based on question expansion technique and Neural Network classification}},
    year = {2016},
    journal = {Journal of Computer Science},
    author = {Hamed, Suhaib Kh and Aziz, Mohd Juzaiddin Ab},
    number = {3},
    pages = {169--177},
    volume = {12},
    publisher = {Science Publications},
    doi = {10.3844/jcssp.2016.169.177},
    issn = {15493636},
    keywords = {Holy quran, Neural network classification, Question answering system, Question expansion technique}
}

@article{Hamed2016AClassificationc,
    title = {{A question answering system on Holy Quran translation based on question expansion technique and Neural Network classification}},
    year = {2016},
    journal = {Journal of Computer Science},
    author = {Hamed, Suhaib Kh and Aziz, Mohd Juzaiddin Ab},
    number = {3},
    pages = {169--177},
    volume = {12},
    publisher = {Science Publications},
    doi = {10.3844/jcssp.2016.169.177},
    issn = {15493636},
    keywords = {Holy quran, Neural network classification, Question answering system, Question expansion technique}
}

@article{Chali2015AProblem,
    title = {{A reinforcement learning formulation to the complex question answering problem}},
    year = {2015},
    journal = {Information Processing and Management},
    author = {Chali, Yllias and Hasan, Sadid A. and Mojahid, Mustapha},
    number = {3},
    pages = {252--272},
    volume = {51},
    publisher = {Elsevier Ltd},
    doi = {10.1016/j.ipm.2015.01.002},
    issn = {03064573},
    keywords = {Complex question answering, Multi-document summarization, Reinforcement learning, Reward function, User interaction modeling}
}

@article{Chali2015AProblemb,
    title = {{A reinforcement learning formulation to the complex question answering problem Open Archive TOULOUSE Archive Ouverte (OATAO) A reinforcement learning formulation to the complex question answering problem}},
    year = {2015},
    journal = {Elsevier},
    author = {Chali, Yllias and Hasan, Sadid A and Mojahid, Mustapha},
    number = {3},
    pages = {252--272},
    volume = {51},
    url = {https://www.sciencedirect.com/science/article/pii/S0306457315000035},
    doi = {10.1016/j.ipm.2015.01.002{\"{i}}},
    issn = {0306-4573},
    keywords = {Complex question answering - Multi-document summarization - Reinforcement learning - Reward function - User interaction modeling}
}

@article{Archana2016AAnalysis,
    title = {{A Rule Based Question Answering System in Malayalam Corpus Using Vibhakthi and POS Tag Analysis}},
    year = {2016},
    journal = {Procedia Technology},
    author = {Archana, S.M. and Vahab, Naima and Thankappan, Rekha and Raseek, C.},
    pages = {1534--1541},
    volume = {24},
    publisher = {Elsevier BV},
    doi = {10.1016/j.protcy.2016.05.124},
    issn = {22120173}
}

@article{ArchanaAAnalysis,
    title = {{A rule based question answering system in malayalam corpus using vibhakthi and pos tag analysis}},
    journal = {Elsevier},
    author = {Archana, SM and Vahab, N and Thankappan, R and Technology, C Raseek - Procedia and 2016, undefined},
    url = {https://www.sciencedirect.com/science/article/pii/S2212017316302134}
}

@techreport{RiloffATests,
    title = {{A Rule-based Question Answering System for Reading Comprehension Tests}},
    booktitle = {dl.acm.org},
    author = {Riloff, Ellen and Thelen, Michael},
    url = {www.ssa.gov/OACT/NOTES/note139/1998/}
}

@article{Ray2010AWikipedia,
    title = {{A semantic approach for question classification using WordNet and Wikipedia}},
    year = {2010},
    journal = {Pattern Recognition Letters},
    author = {Ray, Santosh Kumar and Singh, Shailendra and Joshi, B. P.},
    number = {13},
    month = {10},
    pages = {1935--1943},
    volume = {31},
    doi = {10.1016/j.patrec.2010.06.012},
    issn = {01678655},
    keywords = {Answer validation, Google, Question Answering System, Question classification, Wikipedia, WordNet}
}

@article{Ray2010AWikipediab,
    title = {{A semantic approach for question classification using WordNet and Wikipedia}},
    year = {2010},
    journal = {Pattern Recognition Letters},
    author = {Ray, Santosh Kumar and Singh, Shailendra and Joshi, B. P.},
    number = {13},
    month = {10},
    pages = {1935--1943},
    volume = {31},
    doi = {10.1016/j.patrec.2010.06.012},
    issn = {01678655},
    keywords = {Answer validation, Google, Question Answering System, Question classification, Wikipedia, WordNet}
}

@article{Badugu2020AApproaches,
    title = {{A study on different closed domain question answering approaches}},
    year = {2020},
    journal = {International Journal of Speech Technology},
    author = {Badugu, Srinivasu and Manivannan, R.},
    number = {February},
    publisher = {Springer US},
    url = {https://doi.org/10.1007/s10772-020-09692-0},
    isbn = {0123456789},
    doi = {10.1007/s10772-020-09692-0},
    issn = {15728110},
    keywords = {First keyword, Information retrieval, Knowledge-based classification, NLP, WordNet}
}

@article{Yen2013AAnswering,
    title = {{A support vector machine-based context-ranking model for question answering}},
    year = {2013},
    journal = {Information Sciences},
    author = {Yen, Show Jane and Wu, Yu Chieh and Yang, Jie Chi and Lee, Yue Shi and Lee, Chung Jung and Liu, Jui Jung},
    month = {3},
    pages = {77--87},
    volume = {224},
    doi = {10.1016/j.ins.2012.10.014},
    issn = {00200255},
    keywords = {Information retrieval, Passage retrieval, Question answering, Question classification, Support vector machines}
}

@article{Gupta2012ATechniques,
    title = {{A Survey of Text Question Answering Techniques}},
    year = {2012},
    journal = {International Journal of Computer Applications},
    author = {Gupta, Poonam and Gupta, Vishal},
    number = {4},
    month = {9},
    pages = {1--8},
    volume = {53},
    publisher = {Foundation of Computer Science},
    doi = {10.5120/8406-2030}
}

@article{Gupta2012ATechniquesb,
    title = {{A Survey of Text Question Answering Techniques}},
    year = {2012},
    journal = {International Journal of Computer Applications},
    author = {Gupta, Poonam and Gupta, Vishal},
    number = {4},
    month = {9},
    pages = {1--8},
    volume = {53},
    publisher = {Foundation of Computer Science},
    doi = {10.5120/8406-2030}
}

@article{Gupta2012ATechniquesc,
    title = {{A Survey of Text Question Answering Techniques}},
    year = {2012},
    journal = {International Journal of Computer Applications},
    author = {Gupta, Poonam and Gupta, Vishal},
    number = {4},
    month = {9},
    pages = {1--8},
    volume = {53},
    publisher = {Foundation of Computer Science},
    doi = {10.5120/8406-2030}
}

@misc{Drury2019AAgriculture,
    title = {{A survey of the applications of text mining for agriculture}},
    year = {2019},
    booktitle = {Computers and Electronics in Agriculture},
    author = {Drury, B. and Roche, Mathieu},
    month = {8},
    volume = {163},
    publisher = {Elsevier B.V.},
    doi = {10.1016/j.compag.2019.104864},
    issn = {01681699},
    keywords = {Agriculture, Information extraction, Information retrieval, Sentiment analysis, Survey, Text mining}
}

@inproceedings{Singh2011ADataspace,
    title = {{A survey on dataspace}},
    year = {2011},
    booktitle = {Communications in Computer and Information Science},
    author = {Singh, Mrityunjay and Jain, S. K.},
    pages = {608--621},
    volume = {196 CCIS},
    isbn = {9783642225390},
    doi = {10.1007/978-3-642-22540-6{\_}59},
    issn = {18650929},
    keywords = {Dataspace, PIM, data integration system, inverted list, mediated schema, pay-as-you-go data integration, semantic mappings}
}

@misc{Mishra2016AClassification,
    title = {{A survey on question answering systems with classification}},
    year = {2016},
    booktitle = {Journal of King Saud University - Computer and Information Sciences},
    author = {Mishra, Amit and Jain, Sanjay Kumar},
    number = {3},
    month = {7},
    pages = {345--361},
    volume = {28},
    publisher = {King Saud bin Abdulaziz University},
    doi = {10.1016/j.jksuci.2014.10.007},
    issn = {22131248},
    keywords = {Information retrieval, Natural language processing, Natural language understanding, Question answering system, Search engine}
}

@misc{Mishra2016AClassificationb,
    title = {{A survey on question answering systems with classification}},
    year = {2016},
    booktitle = {Journal of King Saud University - Computer and Information Sciences},
    author = {Mishra, Amit and Jain, Sanjay Kumar},
    number = {3},
    month = {7},
    pages = {345--361},
    volume = {28},
    publisher = {King Saud bin Abdulaziz University},
    doi = {10.1016/j.jksuci.2014.10.007},
    issn = {22131248},
    keywords = {Information retrieval, Natural language processing, Natural language understanding, Question answering system, Search engine}
}

@misc{Mishra2016AClassificationc,
    title = {{A survey on question answering systems with classification}},
    year = {2016},
    booktitle = {Journal of King Saud University - Computer and Information Sciences},
    author = {Mishra, Amit and Jain, Sanjay Kumar},
    number = {3},
    month = {7},
    pages = {345--361},
    volume = {28},
    publisher = {King Saud bin Abdulaziz University},
    doi = {10.1016/j.jksuci.2014.10.007},
    issn = {22131248},
    keywords = {Information retrieval, Natural language processing, Natural language understanding, Question answering system, Search engine}
}

@misc{Mishra2016AClassificationd,
    title = {{A survey on question answering systems with classification}},
    year = {2016},
    booktitle = {Journal of King Saud University - Computer and Information Sciences},
    author = {Mishra, Amit and Jain, Sanjay Kumar},
    number = {3},
    month = {7},
    pages = {345--361},
    volume = {28},
    publisher = {King Saud bin Abdulaziz University},
    doi = {10.1016/j.jksuci.2014.10.007},
    issn = {22131248},
    keywords = {Information retrieval, Natural language processing, Natural language understanding, Question answering system, Search engine}
}

@article{Kolomiyets2011APerspective,
    title = {{A survey on question answering technology from an information retrieval perspective}},
    year = {2011},
    journal = {Information Sciences},
    author = {Kolomiyets, Oleksandr and Moens, Marie Francine},
    number = {24},
    month = {12},
    pages = {5412--5434},
    volume = {181},
    publisher = {Elsevier Inc.},
    doi = {10.1016/j.ins.2011.07.047},
    issn = {00200255},
    keywords = {Information retrieval, Natural language interfaces, Question answering, Retrieval and ranking models}
}

@article{Kolomiyets2011APerspectiveb,
    title = {{A survey on question answering technology from an information retrieval perspective}},
    year = {2011},
    journal = {Information Sciences},
    author = {Kolomiyets, Oleksandr and Moens, Marie Francine},
    number = {24},
    month = {12},
    pages = {5412--5434},
    volume = {181},
    publisher = {Elsevier Inc.},
    doi = {10.1016/j.ins.2011.07.047},
    issn = {00200255},
    keywords = {Information retrieval, Natural language interfaces, Question answering, Retrieval and ranking models}
}

@article{Kolomiyets2011APerspectivec,
    title = {{A survey on question answering technology from an information retrieval perspective}},
    year = {2011},
    journal = {Information Sciences},
    author = {Kolomiyets, Oleksandr and Moens, Marie Francine},
    number = {24},
    month = {12},
    pages = {5412--5434},
    volume = {181},
    publisher = {Elsevier Inc.},
    doi = {10.1016/j.ins.2011.07.047},
    issn = {00200255},
    keywords = {Information retrieval, Natural language interfaces, Question answering, Retrieval and ranking models}
}

@article{Kolomiyets2011APerspectived,
    title = {{A survey on question answering technology from an information retrieval perspective}},
    year = {2011},
    journal = {Information Sciences},
    author = {Kolomiyets, Oleksandr and Moens, Marie Francine},
    number = {24},
    month = {12},
    pages = {5412--5434},
    volume = {181},
    publisher = {Elsevier Inc.},
    doi = {10.1016/j.ins.2011.07.047},
    issn = {00200255},
    keywords = {Information retrieval, Natural language interfaces, Question answering, Retrieval and ranking models}
}

@article{Azari2004ActionsAnswering,
    title = {{Actions, answers, and uncertainty: A decision-making perspective on Web-based question answering}},
    year = {2004},
    journal = {Information Processing and Management},
    author = {Azari, David and Horvitz, Eric and Dumais, Susan and Brill, Eric},
    number = {5 SPEC. ISS.},
    pages = {849--868},
    volume = {40},
    publisher = {Elsevier Ltd},
    doi = {10.1016/j.ipm.2004.04.013},
    issn = {03064573},
    keywords = {Bayesian networks, Cost-benefit analysis, Decision theory, Information retrieval, Question-answering}
}

@techreport{Azari2003ActionsAnswering,
    title = {{Actions, Answers, and Uncertainty: A Decision-Making Perspective on Web-Based Question Answering}},
    year = {2003},
    booktitle = {Elsevier},
    author = {Azari, David and Dumais, Susan and Horvitz, Eric and Brill, Eric},
    pages = {11--19},
    url = {https://www.sciencedirect.com/science/article/pii/S0306457304000408},
    isbn = {206/5431695},
    keywords = {Bayesian networks, Question answering, cost-benefit analysis, decision theory †, information retrieval}
}

@article{Ferrandez2009AddressingQueries,
    title = {{Addressing ontology-based question answering with collections of user queries}},
    year = {2009},
    journal = {Information Processing and Management},
    author = {Ferr{\'{a}}ndez, Óscar and Izquierdo, Rubén and Ferr{\'{a}}ndez, Sergio and Vicedo, José Luis},
    number = {2},
    month = {3},
    pages = {175--188},
    volume = {45},
    doi = {10.1016/j.ipm.2008.09.001},
    issn = {03064573},
    keywords = {Natural language interfaces, Ontology modelling, Question answering, Textual entailment}
}

@article{FerrandezAddressingQueries,
    title = {{Addressing ontology-based question answering with collections of user queries}},
    journal = {Elsevier},
    author = {Ferr{\'{a}}ndez, O and Izquierdo, R and {\ldots}, S Ferrández - Information Processing & and 2009, undefined},
    url = {https://www.sciencedirect.com/science/article/pii/S0306457308000861}
}

@article{Lanka2013AnSystem,
    title = {{An Agentmining Framework for Intelligent Vehicular System}},
    year = {2013},
    journal = {Procedia Technology},
    author = {Lanka, Swathi and Jena, S.K.},
    pages = {425--432},
    volume = {10},
    publisher = {Elsevier BV},
    doi = {10.1016/j.protcy.2013.12.379},
    issn = {22120173}
}

@inproceedings{Xie2005AnAnswering,
    title = {{An answer fusion model for web-based question answering}},
    year = {2005},
    booktitle = {Proceedings - First International Conference on Semantics, Knowledge and Grid, SKG 2005},
    author = {Xie, Nengfu and Liu, Wenyin},
    publisher = {IEEE Computer Society},
    isbn = {0769525342},
    doi = {10.1109/SKG.2005.36}
}

@inproceedings{Xie2005AnAnsweringb,
    title = {{An answer fusion model for web-based question answering}},
    year = {2005},
    booktitle = {Proceedings - First International Conference on Semantics, Knowledge and Grid, SKG 2005},
    author = {Xie, Nengfu and Liu, Wenyin},
    publisher = {IEEE Computer Society},
    isbn = {0769525342},
    doi = {10.1109/SKG.2005.36}
}

@inproceedings{Barskar2012AnSentences,
    title = {{An approach for extracting exact answers to Question Answering (QA) system for english sentences}},
    year = {2012},
    booktitle = {Procedia Engineering},
    author = {Barskar, Raju and Ahmed, Gulfishan Firdose and Barskar, Nepal},
    pages = {1187--1194},
    volume = {30},
    doi = {10.1016/j.proeng.2012.01.979},
    issn = {18777058},
    keywords = {Clause form, Herbrand's Theorem, Knowledge Representation, NLP, Pattern Extracting, Predicate Logics, QA System}
}

@article{Mandal2013AnData,
    title = {{An Improved Minimum Redundancy Maximum Relevance Approach for Feature Selection in Gene Expression Data}},
    year = {2013},
    journal = {Procedia Technology},
    author = {Mandal, Monalisa and Mukhopadhyay, Anirban},
    pages = {20--27},
    volume = {10},
    publisher = {Elsevier BV},
    doi = {10.1016/j.protcy.2013.12.332},
    issn = {22120173}
}

@inproceedings{Pudaruth2016AnICT,
    title = {{An intelligent question answering system for ICT}},
    year = {2016},
    booktitle = {International Conference on Electrical, Electronics, and Optimization Techniques, ICEEOT 2016},
    author = {Pudaruth, Sameerchand and Boodhoo, Kajal and Goolbudun, Lushika},
    month = {11},
    pages = {2895--2899},
    publisher = {Institute of Electrical and Electronics Engineers Inc.},
    isbn = {9781467399395},
    doi = {10.1109/ICEEOT.2016.7755228},
    keywords = {information retrieval, natural language processing, query augmentation, question answering}
}

@inproceedings{Pudaruth2016AnICTb,
    title = {{An intelligent question answering system for ICT}},
    year = {2016},
    booktitle = {International Conference on Electrical, Electronics, and Optimization Techniques, ICEEOT 2016},
    author = {Pudaruth, Sameerchand and Boodhoo, Kajal and Goolbudun, Lushika},
    month = {11},
    pages = {2895--2899},
    publisher = {Institute of Electrical and Electronics Engineers Inc.},
    isbn = {9781467399395},
    doi = {10.1109/ICEEOT.2016.7755228},
    keywords = {information retrieval, natural language processing, query augmentation, question answering}
}

@inproceedings{Bouafia2019AnalysisRequirements,
    title = {{Analysis approach for enterprise information systems architecture based on hypergraph to aligned business process requirements}},
    year = {2019},
    booktitle = {Procedia Computer Science},
    author = {Bouafia, Khawla and Moln{\'{a}}r, Bálint},
    pages = {19--24},
    volume = {164},
    publisher = {Elsevier B.V.},
    doi = {10.1016/j.procs.2019.12.149},
    issn = {18770509},
    keywords = {Process modelling, business process, entrprise information systems architecture, hypergraph, information system}
}

@article{Metzler2005AnalysisQuestions,
    title = {{Analysis of statistical question classification for fact-based questions}},
    year = {2005},
    journal = {Information Retrieval},
    author = {Metzler, Donald and Croft, W. Bruce},
    number = {3},
    month = {1},
    pages = {481--504},
    volume = {8},
    doi = {10.1007/s10791-005-6995-3},
    issn = {13864564},
    keywords = {Machine learning, Question answering, Question classification, Semantic features, Support Vector Machines, Syntactic features, WordNet}
}

@article{Metzler2005AnalysisQuestionsb,
    title = {{Analysis of statistical question classification for fact-based questions}},
    year = {2005},
    journal = {Information Retrieval},
    author = {Metzler, Donald and Croft, W. Bruce},
    number = {3},
    month = {1},
    pages = {481--504},
    volume = {8},
    doi = {10.1007/s10791-005-6995-3},
    issn = {13864564},
    keywords = {Machine learning, Question answering, Question classification, Semantic features, Support Vector Machines, Syntactic features, WordNet}
}

@article{Metzler2005AnalysisQuestionsc,
    title = {{Analysis of statistical question classification for fact-based questions}},
    year = {2005},
    journal = {Information Retrieval},
    author = {Metzler, Donald and Croft, W. Bruce},
    number = {3},
    month = {1},
    pages = {481--504},
    volume = {8},
    doi = {10.1007/s10791-005-6995-3},
    issn = {13864564},
    keywords = {Machine learning, Question answering, Question classification, Semantic features, Support Vector Machines, Syntactic features, WordNet}
}

@techreport{Katz1997AnnotatingLanguage,
    title = {{Annotating the World Wide Web using Natural Language}},
    year = {1997},
    booktitle = {groups.csail.mit.edu},
    author = {Katz, Boris},
    url = {https://groups.csail.mit.edu/infolab/publications/Katz-RIAO97.pdf}
}

@article{Moschitti2003AnswerSystems,
    title = {{Answer filtering via text categorization in question answering systems IYAS (Interactive System for Answer Search) Project View project EternalS View project Answer filtering via Text Categorization in Question Answering Systems}},
    year = {2003},
    journal = {ieeexplore.ieee.org},
    author = {Moschitti, Alessandro},
    url = {https://www.researchgate.net/publication/4046568},
    doi = {10.1109/TAI.2003.1250197}
}

@techreport{ZhengAnswerBusSystem,
    title = {{AnswerBus Question Answering System}},
    booktitle = {pdfs.semanticscholar.org},
    author = {Zheng, Zhiping},
    url = {http://www.isi.edu/natural-language/projects/webclopedia},
    keywords = {QA specific dictionary, information retrieval, open-domain question answering}
}

@article{Buscaldi2010AnsweringEngine,
    title = {{Answering questions with an n-gram based passage retrieval engine}},
    year = {2010},
    journal = {Journal of Intelligent Information Systems},
    author = {Buscaldi, Davide and Rosso, Paolo and G{\'{o}}mez-Soriano, José Manuel and Sanchis, Emilio},
    number = {2},
    month = {4},
    pages = {113--134},
    volume = {34},
    doi = {10.1007/s10844-009-0082-y},
    issn = {09259902},
    keywords = {Information retrieval and extraction, Passage retrieval, Question answering}
}

@article{Buscaldi2010AnsweringEngineb,
    title = {{Answering questions with an n-gram based passage retrieval engine}},
    year = {2010},
    journal = {Journal of Intelligent Information Systems},
    author = {Buscaldi, Davide and Rosso, Paolo and G{\'{o}}mez-Soriano, José Manuel and Sanchis, Emilio},
    number = {2},
    month = {4},
    pages = {113--134},
    volume = {34},
    doi = {10.1007/s10844-009-0082-y},
    issn = {09259902},
    keywords = {Information retrieval and extraction, Passage retrieval, Question answering}
}

@inproceedings{Bakari2016AQA-WebCorp:Arabic,
    title = {{AQA-WebCorp: Web-based Factual Questions for Arabic}},
    year = {2016},
    booktitle = {Procedia Computer Science},
    author = {Bakari, Wided and Bellot, Patrice and Neji, Mahmoud},
    pages = {275--284},
    volume = {96},
    publisher = {Elsevier B.V.},
    doi = {10.1016/j.procs.2016.08.140},
    issn = {18770509},
    keywords = {Arabic, Corpus, Corpus construction, Google, Passage, Question analysis}
}

@inproceedings{Bakari2016AQA-WebCorp:Arabicb,
    title = {{AQA-WebCorp: Web-based Factual Questions for Arabic}},
    year = {2016},
    booktitle = {Procedia Computer Science},
    author = {Bakari, Wided and Bellot, Patrice and Neji, Mahmoud},
    pages = {275--284},
    volume = {96},
    publisher = {Elsevier B.V.},
    doi = {10.1016/j.procs.2016.08.140},
    issn = {18770509},
    keywords = {Arabic, Corpus, Corpus construction, Google, Passage, Question analysis}
}

@article{Lopez2007AquaLog:Intranets,
    title = {{AquaLog: An ontology-driven question answering system for organizational semantic intranets}},
    year = {2007},
    journal = {Web Semantics},
    author = {Lopez, Vanessa and Uren, Victoria and Motta, Enrico and Pasin, Michele},
    number = {2},
    month = {6},
    pages = {72--105},
    volume = {5},
    doi = {10.1016/j.websem.2007.03.003},
    issn = {15708268},
    keywords = {Natural language, Ontologies, Question answering, Semantic web}
}

@article{Lopez2007AquaLog:Intranetsb,
    title = {{AquaLog: An ontology-driven question answering system for organizational semantic intranets}},
    year = {2007},
    journal = {Web Semantics},
    author = {Lopez, Vanessa and Uren, Victoria and Motta, Enrico and Pasin, Michele},
    number = {2},
    month = {6},
    pages = {72--105},
    volume = {5},
    doi = {10.1016/j.websem.2007.03.003},
    issn = {15708268},
    keywords = {Natural language, Ontologies, Question answering, Semantic web}
}

@article{Lopez2007AquaLog:Intranetsc,
    title = {{AquaLog: An ontology-driven question answering system for organizational semantic intranets}},
    year = {2007},
    journal = {Web Semantics},
    author = {Lopez, Vanessa and Uren, Victoria and Motta, Enrico and Pasin, Michele},
    number = {2},
    month = {6},
    pages = {72--105},
    volume = {5},
    doi = {10.1016/j.websem.2007.03.003},
    issn = {15708268},
    keywords = {Natural language, Ontologies, Question answering, Semantic web}
}

@inproceedings{Toti2014AQUEOS:Data,
    title = {{AQUEOS: A system for question answering over semantic data}},
    year = {2014},
    booktitle = {Proceedings - 2014 International Conference on Intelligent Networking and Collaborative Systems, IEEE INCoS 2014},
    author = {Toti, Daniele},
    month = {3},
    pages = {716--719},
    publisher = {Institute of Electrical and Electronics Engineers Inc.},
    isbn = {9781479963867},
    doi = {10.1109/INCoS.2014.13},
    keywords = {Knowledge discovery, Natural language processing, Ontology, Question answering, RDF, SPARQL}
}

@inproceedings{Toti2014AQUEOS:Datab,
    title = {{AQUEOS: A system for question answering over semantic data}},
    year = {2014},
    booktitle = {Proceedings - 2014 International Conference on Intelligent Networking and Collaborative Systems, IEEE INCoS 2014},
    author = {Toti, Daniele},
    month = {3},
    pages = {716--719},
    publisher = {Institute of Electrical and Electronics Engineers Inc.},
    isbn = {9781479963867},
    doi = {10.1109/INCoS.2014.13},
    keywords = {Knowledge discovery, Natural language processing, Ontology, Question answering, RDF, SPARQL}
}

@inproceedings{Sucunuta2010ArchitectureDocuments,
    title = {{Architecture of a question-answering system for a specific repository of documents}},
    year = {2010},
    booktitle = {ICSTE 2010 - 2010 2nd International Conference on Software Technology and Engineering, Proceedings},
    author = {Sucunuta, Manuel E. and Riofrio, Guido E.},
    volume = {2},
    isbn = {9781424486656},
    doi = {10.1109/ICSTE.2010.5608753},
    keywords = {Information retrieval, Natural Language Processing, Ontology, Question-Answering System}
}

@inproceedings{Sucunuta2010ArchitectureDocumentsb,
    title = {{Architecture of a question-answering system for a specific repository of documents}},
    year = {2010},
    booktitle = {ICSTE 2010 - 2010 2nd International Conference on Software Technology and Engineering, Proceedings},
    author = {Sucunuta, Manuel E. and Riofrio, Guido E.},
    volume = {2},
    isbn = {9781424486656},
    doi = {10.1109/ICSTE.2010.5608753},
    keywords = {Information retrieval, Natural Language Processing, Ontology, Question-Answering System}
}

@article{Kumar2015AskProcessing,
    title = {{Ask Me Anything: Dynamic Memory Networks for Natural Language Processing}},
    year = {2015},
    author = {Kumar, Ankit and Irsoy, Ozan and Ondruska, Peter and Iyyer, Mohit and Bradbury, James and Gulrajani, Ishaan and Zhong, Victor and Paulus, Romain and Socher, Richard},
    month = {6},
    url = {http://arxiv.org/abs/1506.07285},
    arxivId = {1506.07285}
}

@article{Cao2011AskHERMES:Questions,
    title = {{AskHERMES: An online question answering system for complex clinical questions}},
    year = {2011},
    journal = {Journal of Biomedical Informatics},
    author = {Cao, Yong Gang and Liu, Feifan and Simpson, Pippa and Antieau, Lamont and Bennett, Andrew and Cimino, James J. and Ely, John and Yu, Hong},
    number = {2},
    month = {4},
    pages = {277--288},
    volume = {44},
    doi = {10.1016/j.jbi.2011.01.004},
    issn = {15320464},
    keywords = {Answer presentation, Clinical question answering, Passage retrieval, Question analysis, Summarization}
}

@article{CaoAskHERMES:Questions,
    title = {{AskHERMES: An online question answering system for complex clinical questions}},
    journal = {Elsevier},
    author = {Cao, YG and Liu, F and Simpson, P and Antieau, L and {\ldots}, A Bennett - Journal of biomedical and 2011, undefined},
    url = {https://www.sciencedirect.com/science/article/pii/S1532046411000062}
}

@inproceedings{Sneiders2002AutomatedDatabase,
    title = {{Automated question answering using question templates that cover the conceptual model of the database}},
    year = {2002},
    booktitle = {Lecture Notes in Computer Science (including subseries Lecture Notes in Artificial Intelligence and Lecture Notes in Bioinformatics)},
    author = {Sneiders, Eriks},
    pages = {235--239},
    volume = {2553},
    publisher = {Springer Verlag},
    isbn = {354000307X},
    doi = {10.1007/3-540-36271-1{\_}24},
    issn = {16113349}
}

@inproceedings{Andrenucci2005AutomatedApproaches,
    title = {{Automated question answering: Review of the main approaches}},
    year = {2005},
    booktitle = {Proceedings - 3rd International Conference on Information Technology and Applications, ICITA 2005},
    author = {Andrenucci, Andrea and Sneiders, Eriks},
    pages = {514--519},
    volume = {I},
    isbn = {0769523161},
    doi = {10.1109/ICITA.2005.78}
}

@inproceedings{Girju2003AutomaticAnswering,
    title = {{Automatic detection of causal relations for Question Answering}},
    year = {2003},
    booktitle = {Proceedings of the ACL 2003 workshop on Multilingual summarization and question answering  -},
    author = {Girju, Roxana},
    pages = {76--83},
    volume = {12},
    publisher = {Association for Computational Linguistics (ACL)},
    url = {http://portal.acm.org/citation.cfm?doid=1119312.1119322},
    address = {Morristown, NJ, USA},
    doi = {10.3115/1119312.1119322}
}

@inproceedings{Girju2003AutomaticAnsweringb,
    title = {{Automatic detection of causal relations for Question Answering}},
    year = {2003},
    author = {Girju, Roxana},
    pages = {76--83},
    publisher = {Association for Computational Linguistics (ACL)},
    doi = {10.3115/1119312.1119322}
}

@inproceedings{Girju2003AutomaticAnsweringc,
    title = {{Automatic detection of causal relations for Question Answering}},
    year = {2003},
    author = {Girju, Roxana},
    pages = {76--83},
    publisher = {Association for Computational Linguistics (ACL)},
    doi = {10.3115/1119312.1119322}
}

@inproceedings{Girju2003AutomaticAnsweringd,
    title = {{Automatic detection of causal relations for Question Answering}},
    year = {2003},
    author = {Girju, Roxana},
    pages = {76--83},
    publisher = {Association for Computational Linguistics (ACL)},
    doi = {10.3115/1119312.1119322}
}

@inproceedings{Varathan2010AutomaticSystem,
    title = {{Automatic lexicon generator for logic based question answering system}},
    year = {2010},
    booktitle = {2010 2nd International Conference on Computer Engineering and Applications, ICCEA 2010},
    author = {Varathan, Kasturi Dewi and Sembok, Tengku Mohd Tengku and Kadir, Rabiah Abdul},
    pages = {349--353},
    volume = {2},
    isbn = {9780769539829},
    doi = {10.1109/ICCEA.2010.219},
    keywords = {Knowledge representation, Lexicon, Logic inference, Question answering}
}

@inproceedings{Varathan2010AutomaticSystemb,
    title = {{Automatic lexicon generator for logic based question answering system}},
    year = {2010},
    booktitle = {2010 2nd International Conference on Computer Engineering and Applications, ICCEA 2010},
    author = {Varathan, Kasturi Dewi and Sembok, Tengku Mohd Tengku and Kadir, Rabiah Abdul},
    pages = {349--353},
    volume = {2},
    isbn = {9780769539829},
    doi = {10.1109/ICCEA.2010.219},
    keywords = {Knowledge representation, Lexicon, Logic inference, Question answering}
}

@article{Li2007AutomaticDocuments,
    title = {{Automatic question answering from Web documents}},
    year = {2007},
    journal = {Wuhan University Journal of Natural Sciences},
    author = {Li, Xin and Hu, Dawei and Li, Huan and Hao, Tianyong and Chen, Enhong and Liu, Wenyin},
    number = {5},
    month = {9},
    pages = {875--880},
    volume = {12},
    doi = {10.1007/s11859-007-0046-4},
    issn = {10071202},
    keywords = {Passage retrieval, Question answering(QA), Semantic pattern}
}

@article{Li2007AutomaticDocumentsb,
    title = {{Automatic question answering from Web documents}},
    year = {2007},
    journal = {Wuhan University Journal of Natural Sciences},
    author = {Li, Xin and Hu, Dawei and Li, Huan and Hao, Tianyong and Chen, Enhong and Liu, Wenyin},
    number = {5},
    month = {9},
    pages = {875--880},
    volume = {12},
    doi = {10.1007/s11859-007-0046-4},
    issn = {10071202},
    keywords = {Passage retrieval, Question answering(QA), Semantic pattern}
}

@article{Li2007AutomaticDocumentsc,
    title = {{Automatic question answering from Web documents}},
    year = {2007},
    journal = {Wuhan University Journal of Natural Sciences},
    author = {Li, Xin and Hu, Dawei and Li, Huan and Hao, Tianyong and Chen, Enhong and Liu, Wenyin},
    number = {5},
    month = {9},
    pages = {875--880},
    volume = {12},
    doi = {10.1007/s11859-007-0046-4},
    issn = {10071202},
    keywords = {Passage retrieval, Question answering(QA), Semantic pattern}
}

@article{Soricut2006AutomaticFactoid,
    title = {{Automatic question answering using the web: Beyond the Factoid}},
    year = {2006},
    journal = {Inf Retrieval},
    author = {Soricut, Radu and Brill, Eric},
    number = {2},
    month = {3},
    pages = {191--206},
    volume = {9},
    url = {https://idp.springer.com/authorize/casa?redirect_uri=https://link.springer.com/article/10.1007/s10791-006-7149-y&casa_token=fiCHYH-DPjUAAAAA:DoIBkG28GHuHzn_4FccnYrpjeLZo6Mo2lKTWhBxxX6gVz6RoVAUYH09N1evu_UPCO4YC9bxNEg5ycCcJ4w},
    doi = {10.1007/s10791-006-7149-y}
}

@article{Cao2010AutomaticallyQuestions,
    title = {{Automatically extracting information needs from complex clinical questions}},
    year = {2010},
    journal = {Journal of Biomedical Informatics},
    author = {Cao, Yong Gang and Cimino, James J. and Ely, John and Yu, Hong},
    number = {6},
    month = {12},
    pages = {962--971},
    volume = {43},
    doi = {10.1016/j.jbi.2010.07.007},
    issn = {15320464},
    keywords = {Keyword extraction, Natural language processing, Question analysis, Question answering}
}

@article{CaoAutomaticallyQuestions,
    title = {{Automatically extracting information needs from complex clinical questions}},
    journal = {Elsevier},
    author = {Cao, Y and Cimino, JJ and Ely, J and informatics, H Yu - Journal of biomedical and 2010, undefined},
    url = {https://www.sciencedirect.com/science/article/pii/S1532046410001061}
}

@inproceedings{Green1961Baseball:Question-answerer,
    title = {{Baseball: An automatic question-answerer}},
    year = {1961},
    booktitle = {Proceedings of the Western Joint Computer Conference: Extending Man's Intellect, IRE-AIEE-ACM 1961},
    author = {Green, Bert F. and Wolf, Alice K. and Chomsky, Carol and Laughery, Kenneth},
    month = {5},
    pages = {219--224},
    publisher = {Association for Computing Machinery, Inc},
    url = {http://portal.acm.org/citation.cfm?doid=1460690.1460714},
    address = {New York, New York, USA},
    doi = {10.1145/1460690.1460714}
}

@book{Editors2008BasicGraphs,
    title = {{Basic Conceptual Graphs}},
    year = {2008},
    booktitle = {Graph-based Knowledge Representation},
    author = {Editors, Series and Jain, Lakhmi and Wu, Xindong},
    pages = {21--57},
    isbn = {9781848002852},
    doi = {10.1007/978-1-84800-286-9{\_}2}
}

@article{ElmarGerhards-PadillaThomasBarabosch2015Behavior-DrivenAnalysis,
    title = {{Behavior-Driven Development in Malware Analysis}},
    year = {2015},
    journal = {The Journal on Cybercrime {\&} Digital Investigations},
    author = {{Elmar Gerhards-Padilla; Thomas Barabosch}},
    number = {January 2013},
    pages = {1--12},
    url = {https://journal.cecyf.fr/ojs/index.php/cybin/article/view/9},
    isbn = {1532-4435},
    doi = {10.18464/cybin.v1i1.9},
    issn = {15324435},
    pmid = {18244602},
    arxivId = {1301.3781v3}
}

@article{Hristovski2015BiomedicalRelations,
    title = {{Biomedical question answering using semantic relations}},
    year = {2015},
    journal = {BMC Bioinformatics},
    author = {Hristovski, Dimitar and Dinevski, Dejan and Kastrin, Andrej and Rindflesch, Thomas C.},
    number = {1},
    month = {1},
    volume = {16},
    publisher = {BioMed Central Ltd.},
    doi = {10.1186/s12859-014-0365-3},
    issn = {14712105}
}

@article{Hristovski2015BiomedicalRelationsb,
    title = {{Biomedical question answering using semantic relations}},
    year = {2015},
    journal = {BMC Bioinformatics},
    author = {Hristovski, Dimitar and Dinevski, Dejan and Kastrin, Andrej and Rindflesch, Thomas C.},
    number = {1},
    month = {1},
    volume = {16},
    publisher = {BioMed Central Ltd.},
    doi = {10.1186/s12859-014-0365-3},
    issn = {14712105}
}

@article{Hristovski2015BiomedicalRelationsc,
    title = {{Biomedical question answering using semantic relations}},
    year = {2015},
    journal = {BMC Bioinformatics},
    author = {Hristovski, Dimitar and Dinevski, Dejan and Kastrin, Andrej and Rindflesch, Thomas C.},
    number = {1},
    month = {1},
    volume = {16},
    publisher = {BioMed Central Ltd.},
    doi = {10.1186/s12859-014-0365-3},
    issn = {14712105}
}

@article{Athenikos2010BiomedicalSurvey,
    title = {{Biomedical question answering: A survey}},
    year = {2010},
    journal = {Computer Methods and Programs in Biomedicine},
    author = {Athenikos, Sofia J. and Han, Hyoil},
    number = {1},
    month = {7},
    pages = {1--24},
    volume = {99},
    doi = {10.1016/j.cmpb.2009.10.003},
    issn = {01692607},
    keywords = {Answer/reason extraction, Biomedical question answering, Semantic information extraction}
}

@article{Athenikos2009BiomedicalSurvey,
    title = {{Biomedical question answering: A survey}},
    year = {2009},
    journal = {Elsevier},
    author = {Athenikos, Sofia J and Han, Hyoil},
    url = {https://www.sciencedirect.com/science/article/pii/S0169260709002879},
    doi = {10.1016/j.cmpb.2009.10.003},
    keywords = {Answer/reason extraction, Biomedical question answering, Semantic information extraction}
}

@article{BergerBridgingAnswer-finding,
    title = {{Bridging the lexical chasm: statistical approaches to answer-finding}},
    journal = {dl.acm.org},
    author = {Berger, A and Caruana, R and Cohn, D and {\ldots}, D Freitag - Proceedings of the 23rd and 2000, undefined},
    url = {https://dl.acm.org/doi/abs/10.1145/345508.345576?casa_token=RG8SD3ey-24AAAAA:4sZckerGvZAnlO1TDu9BwoYucSwwmrLdklelweBjZlYO4GV-3rXg1yWDhV4_-TdrwhNvVJohRH99iA}
}

@article{Voorhees2000BuildingCollection,
    title = {{Building a question answering test collection}},
    year = {2000},
    journal = {SIGIR Forum (ACM Special Interest Group on Information Retrieval)},
    author = {Voorhees, Ellen M. and Tice, Dawn M.},
    pages = {200--207},
    publisher = {ACM},
    doi = {10.1145/345508.345577},
    issn = {01635840}
}

@article{Voorhees2000BuildingCollectionb,
    title = {{Building a question answering test collection}},
    year = {2000},
    journal = {SIGIR Forum (ACM Special Interest Group on Information Retrieval)},
    author = {Voorhees, Ellen M. and Tice, Dawn M.},
    pages = {200--207},
    publisher = {ACM},
    doi = {10.1145/345508.345577},
    issn = {01635840}
}

@article{Biswas2013BuildingOntology,
    title = {{Building and Querying Microbial Ontology}},
    year = {2013},
    journal = {Procedia Technology},
    author = {Biswas, Sreekumar and Marwaha, Sudeep and Malhotra, P.K. and Wahi, S.D. and Dhar, D.W. and Singh, Richa},
    pages = {13--19},
    volume = {10},
    publisher = {Elsevier BV},
    doi = {10.1016/j.protcy.2013.12.331},
    issn = {22120173}
}

@inproceedings{Benaissa2015BuildingTexts,
    title = {{Building Ontology from Texts}},
    year = {2015},
    booktitle = {Procedia Computer Science},
    author = {Benaissa, Bedr Eddine and Bouchiha, Djelloul and Zouaoui, Amine and Doumi, Noureddine},
    pages = {7--15},
    volume = {73},
    publisher = {Elsevier B.V.},
    doi = {10.1016/j.procs.2015.12.042},
    issn = {18770509},
    keywords = {(Lexical) Ontology, Arabic Texts, Markov Clustering Algorithm, NLP, Ontology Learning, WordNet}
}

@inproceedings{Pankowska2019BusinessLanguage,
    title = {{Business Models in CMMN, DMN and ArchiMate language}},
    year = {2019},
    booktitle = {Procedia Computer Science},
    author = {Pankowska, Malgorzata},
    pages = {11--18},
    volume = {164},
    publisher = {Elsevier B.V.},
    doi = {10.1016/j.procs.2019.12.148},
    issn = {18770509},
    keywords = {ArchiMate, BPMN, CMMN, DMN, business model mapping, business modelling}
}

@inproceedings{Pedro2019CapabilitiesAnalytics,
    title = {{Capabilities and Readiness for Big Data Analytics}},
    year = {2019},
    booktitle = {Procedia Computer Science},
    author = {Pedro, Jenifer and Brown, Irwin and Hart, Mike},
    pages = {3--10},
    volume = {164},
    publisher = {Elsevier B.V.},
    doi = {10.1016/j.procs.2019.12.147},
    issn = {18770509},
    keywords = {Big data analytics, business analytics, frameworks, organisational capabilities, organisational readiness, thematic analysis}
}

@inproceedings{Fikri2012CaseQuestions,
    title = {{Case based Indonesian closed domain question answering system with real world questions}},
    year = {2012},
    booktitle = {2012 7th International Conference on Telecommunication Systems, Services, and Applications, TSSA 2012},
    author = {Fikri, Abdurrisyad and Purwarianti, Ayu},
    pages = {181--186},
    isbn = {9781467345507},
    doi = {10.1109/TSSA.2012.6366047},
    keywords = {Case Based Reasoning, Closed Domain, Question Answering System, Real World Questions}
}

@article{Moldovan2007Cogex:Answering,
    title = {{Cogex: A semantically and contextually enriched logic prover for question answering}},
    year = {2007},
    journal = {Journal of Applied Logic},
    author = {Moldovan, Dan and Clark, Christine and Harabagiu, Sanda and Hodges, Daniel},
    number = {1},
    month = {3},
    pages = {49--69},
    volume = {5},
    doi = {10.1016/j.jal.2005.12.005},
    issn = {15708683},
    keywords = {Automated reasoning, Natural language processing, Ontologies, Question answering, Temporal reasoning}
}

@article{Moldovan2007Cogex:Answeringb,
    title = {{Cogex: A semantically and contextually enriched logic prover for question answering}},
    year = {2007},
    journal = {Journal of Applied Logic},
    author = {Moldovan, Dan and Clark, Christine and Harabagiu, Sanda and Hodges, Daniel},
    number = {1},
    month = {3},
    pages = {49--69},
    volume = {5},
    doi = {10.1016/j.jal.2005.12.005},
    issn = {15708683},
    keywords = {Automated reasoning, Natural language processing, Ontologies, Question answering, Temporal reasoning}
}

@article{Moldovan2007Cogex:Answeringc,
    title = {{Cogex: A semantically and contextually enriched logic prover for question answering}},
    year = {2007},
    journal = {Journal of Applied Logic},
    author = {Moldovan, Dan and Clark, Christine and Harabagiu, Sanda and Hodges, Daniel},
    number = {1},
    month = {3},
    pages = {49--69},
    volume = {5},
    doi = {10.1016/j.jal.2005.12.005},
    issn = {15708683},
    keywords = {Automated reasoning, Natural language processing, Ontologies, Question answering, Temporal reasoning}
}

@article{Moreda2011CombiningSystems,
    title = {{Combining semantic information in question answering systems}},
    year = {2011},
    journal = {Information Processing and Management},
    author = {Moreda, Paloma and Llorens, Hector and Saquete, Estela and Palomar, Manuel},
    number = {6},
    month = {11},
    pages = {870--885},
    volume = {47},
    doi = {10.1016/j.ipm.2010.03.008},
    issn = {03064573},
    keywords = {Ontology, Question answering, Semantic role, WordNet}
}

@article{Moreda2011CombiningSystemsb,
    title = {{Combining semantic information in question answering systems}},
    year = {2011},
    journal = {Information Processing and Management},
    author = {Moreda, Paloma and Llorens, Hector and Saquete, Estela and Palomar, Manuel},
    number = {6},
    month = {11},
    pages = {870--885},
    volume = {47},
    doi = {10.1016/j.ipm.2010.03.008},
    issn = {03064573},
    keywords = {Ontology, Question answering, Semantic role, WordNet}
}

@article{Moreda2011CombiningSystemsc,
    title = {{Combining semantic information in question answering systems}},
    year = {2011},
    journal = {Information Processing and Management},
    author = {Moreda, Paloma and Llorens, Hector and Saquete, Estela and Palomar, Manuel},
    number = {6},
    month = {11},
    pages = {870--885},
    volume = {47},
    doi = {10.1016/j.ipm.2010.03.008},
    issn = {03064573},
    keywords = {Ontology, Question answering, Semantic role, WordNet}
}

@inproceedings{Louazene2015CompactStructure,
    title = {{Compact Ultra-Wide Band Bandpass Filter Design Employing Multiple-Mode Resonator and Defected Ground Structure}},
    year = {2015},
    booktitle = {Procedia Computer Science},
    author = {Louazene, Hassiba and Challal, Mouloud and Boulakroune, M'Hamed},
    pages = {376--383},
    volume = {73},
    publisher = {Elsevier B.V.},
    doi = {10.1016/j.procs.2015.12.006},
    issn = {18770509},
    keywords = {Bandpass filter (BPF), Defected ground structure (DGS), Multiple-mode resonator (MMR), Ultra wideband (UWB)}
}

@article{Oh2011CompositionalApproach,
    title = {{Compositional question answering: A divide and conquer approach}},
    year = {2011},
    journal = {Information Processing and Management},
    author = {Oh, Hyo Jung and Sung, Ki Youn and Jang, Myung Gil and Myaeng, Sung Hyon},
    number = {6},
    month = {11},
    pages = {808--824},
    volume = {47},
    doi = {10.1016/j.ipm.2010.03.011},
    issn = {03064573},
    keywords = {Composite and atomic questions, Compositional QA, Question analysis, Question answering}
}

@article{Oh2011CompositionalApproachb,
    title = {{Compositional question answering: A divide and conquer approach}},
    year = {2011},
    journal = {Information Processing and Management},
    author = {Oh, Hyo Jung and Sung, Ki Youn and Jang, Myung Gil and Myaeng, Sung Hyon},
    number = {6},
    month = {11},
    pages = {808--824},
    volume = {47},
    doi = {10.1016/j.ipm.2010.03.011},
    issn = {03064573},
    keywords = {Composite and atomic questions, Compositional QA, Question analysis, Question answering}
}

@article{Sureshkumar2015ConceptSystems,
    title = {{Concept relation extraction using Na{\"{i}}ve Bayes classifier for ontology-based question answering systems}},
    year = {2015},
    journal = {Journal of King Saud University - Computer and Information Sciences},
    author = {Suresh kumar, G. and Zayaraz, G.},
    number = {1},
    pages = {13--24},
    volume = {27},
    publisher = {King Saud bin Abdulaziz University},
    doi = {10.1016/j.jksuci.2014.03.001},
    issn = {22131248},
    keywords = {Dependency parsing, Ontology development, Question answering system, Relation extraction}
}

@article{Sureshkumar2015ConceptSystemsb,
    title = {{Concept relation extraction using Na{\"{i}}ve Bayes classifier for ontology-based question answering systems}},
    year = {2015},
    journal = {Journal of King Saud University - Computer and Information Sciences},
    author = {Suresh kumar, G. and Zayaraz, G.},
    number = {1},
    pages = {13--24},
    volume = {27},
    publisher = {King Saud bin Abdulaziz University},
    doi = {10.1016/j.jksuci.2014.03.001},
    issn = {22131248},
    keywords = {Dependency parsing, Ontology development, Question answering system, Relation extraction}
}

@article{Sowa1976CONCEPTUALINTERFACE.,
    title = {{CONCEPTUAL GRAPHS FOR A DATA BASE INTERFACE.}},
    year = {1976},
    journal = {IBM Journal of Research and Development},
    author = {Sowa, John F.},
    number = {4},
    pages = {336--357},
    volume = {20},
    doi = {10.1147/rd.204.0336},
    issn = {00188646}
}

@inproceedings{Bakshi2012ConsiderationsApproach,
    title = {{Considerations for big data: Architecture and approach}},
    year = {2012},
    booktitle = {IEEE Aerospace Conference Proceedings},
    author = {Bakshi, Kapil},
    isbn = {9781457705564},
    doi = {10.1109/AERO.2012.6187357},
    issn = {1095323X}
}

@article{conferenceConsiderationsApproach,
    title = {{Considerations for big data: Architecture and approach}},
    journal = {ieeexplore.ieee.org},
    author = {conference, K Bakshi - 2012 IEEE aerospace and 2012, undefined},
    url = {https://ieeexplore.ieee.org/abstract/document/6187357/}
}

@inproceedings{Lin2007ConstructingMPEG-21,
    title = {{Constructing a cluster-based m-learning architecture in mobile ad hoc networks using MPEG-21}},
    year = {2007},
    booktitle = {Proceedings - The 2007 International Conference on Computational Science and its Applications, ICCSA 2007},
    author = {Lin, Hua Yi and Qiu, Zhi Ren and Pan, De Jun and Zha, Xin Xiang},
    pages = {165--170},
    isbn = {0769529453},
    doi = {10.1109/ICCSA.2007.24}
}

@inproceedings{Lin2007ConstructingMPEG-21b,
    title = {{Constructing a cluster-based m-learning architecture in mobile ad hoc networks using MPEG-21}},
    year = {2007},
    booktitle = {Proceedings - The 2007 International Conference on Computational Science and its Applications, ICCSA 2007},
    author = {Lin, Hua Yi and Qiu, Zhi Ren and Pan, De Jun and Zha, Xin Xiang},
    pages = {165--170},
    isbn = {0769529453},
    doi = {10.1109/ICCSA.2007.24}
}

@book{Alexopoulos2017ConstructionII,
    title = {{Construction of enterprise knowledge graphs (II)}},
    year = {2017},
    booktitle = {Exploiting Linked Data and Knowledge Graphs in Large Organisations},
    author = {Alexopoulos, Panos and Zhao, Yuting and Pan, Jeff Z. and Zhu, Man},
    pages = {117--146},
    isbn = {9783319456546},
    doi = {10.1007/978-3-319-45654-6{\_}5},
    keywords = {Bayesian network, Description logic, Evidence model, Inductive logic programming, Knowledge graph}
}

@techreport{BenamaraCooperativeExperiment,
    title = {{Cooperative Question Answering in Restricted Domains: the WEBCOOP Experiment}},
    booktitle = {aclweb.org},
    author = {Benamara, Farah},
    url = {https://www.aclweb.org/anthology/W04-0506.pdf}
}

@inproceedings{Tripathi2018CreditSelection,
    title = {{Credit Scoring Model based on Weighted Voting and Cluster based Feature Selection}},
    year = {2018},
    booktitle = {Procedia Computer Science},
    author = {Tripathi, Diwakar and Edla, Damodar Reddy and Kuppili, Venkatanareshbabu and Bablani, Annushree and Dharavath, Ramesh},
    pages = {22--31},
    volume = {132},
    publisher = {Elsevier B.V.},
    doi = {10.1016/j.procs.2018.05.055},
    issn = {18770509},
    keywords = {Classification, Correlation coefficient, Credit scoring, Feature selection, Weighted voting}
}

@article{Project2019CS0,
    title = {{CS 224N Default Final Project : Question Answering on SQuAD 2 . 0}},
    year = {2019},
    author = {Project, Default Final and February, Thursday and February, Thursday and Challenge, The Squad and Started, Getting and Data, The Squad and Model, Baseline and Output, Inspecting},
    pages = {1--22}
}

@article{Mohammadi2017CS224n:Learning,
    title = {{CS224n: Natural Language Processing with Deep Learning}},
    year = {2017},
    author = {Mohammadi, Milad and Mundra, Rohit and Socher, Richard and Wang, Lisa},
    pages = {1--13}
}

@article{Dumais2003Data-drivenAccess,
    title = {{Data-driven approaches to information access}},
    year = {2003},
    journal = {Cognitive Science},
    author = {Dumais, Susan},
    number = {3},
    month = {5},
    pages = {491--524},
    volume = {27},
    publisher = {Wiley},
    doi = {10.1207/s15516709cog2703{\_}7}
}

@inproceedings{Sharma2018DeepSystem,
    title = {{Deep Learning Approaches for Question Answering System}},
    year = {2018},
    booktitle = {Procedia Computer Science},
    author = {Sharma, Yashvardhan and Gupta, Sahil},
    pages = {785--794},
    volume = {132},
    publisher = {Elsevier B.V.},
    doi = {10.1016/j.procs.2018.05.090},
    issn = {18770509},
    keywords = {coattention, deep learning, memory nets, neural networks, question answering, word vectors}
}

@article{Gupta2013DesignTinyOS,
    title = {{Design and Implementation of Visualizers for TinyOS}},
    year = {2013},
    journal = {Procedia Technology},
    author = {Gupta, Atrayee and Roy, Sarbani},
    pages = {409--416},
    volume = {10},
    publisher = {Elsevier BV},
    doi = {10.1016/j.protcy.2013.12.377},
    issn = {22120173}
}

@inproceedings{Girija2018DesignS-Boxes,
    title = {{Design of a Novel Pseudo Random Generator based on Walsh Hadamard Transform and Bi S-Boxes}},
    year = {2018},
    booktitle = {Procedia Computer Science},
    author = {Girija, R. and Singh, Hukum},
    pages = {795--804},
    volume = {132},
    publisher = {Elsevier B.V.},
    doi = {10.1016/j.procs.2018.05.091},
    issn = {18770509},
    keywords = {Algebraic S-box, CSPRBG, G S-box, Galois field GF (28), Keystream, Randomness test, WHT}
}

@techreport{QuarteroniDesigningSystem,
    title = {{Designing an Interactive Open-Domain Question Answering System}},
    booktitle = {Natural Language Engineering},
    author = {Quarteroni, S and Engineering, S Manandhar - Natural Language and 2009, undefined},
    number = {1},
    pages = {1--23},
    volume = {1},
    url = {http://trec.nist.gov}
}

@article{Pechsiri2016DevelopingKnowledge,
    title = {{Developing a Why–How Question Answering system on community web boards with a causality graph including procedural knowledge}},
    year = {2016},
    journal = {Information Processing in Agriculture},
    author = {Pechsiri, C. and Piriyakul, R.},
    number = {1},
    month = {3},
    pages = {36--53},
    volume = {3},
    publisher = {China Agricultural University},
    doi = {10.1016/j.inpa.2016.01.002},
    issn = {22143173},
    keywords = {How-Q, Integrated causality graph, Visualized answer, Why-Q}
}

@article{Pechsiri2016DevelopingKnowledgeb,
    title = {{Developing a Why–How Question Answering system on community web boards with a causality graph including procedural knowledge}},
    year = {2016},
    journal = {Information Processing in Agriculture},
    author = {Pechsiri, C. and Piriyakul, R.},
    number = {1},
    month = {3},
    pages = {36--53},
    volume = {3},
    publisher = {China Agricultural University},
    doi = {10.1016/j.inpa.2016.01.002},
    issn = {22143173},
    keywords = {How-Q, Integrated causality graph, Visualized answer, Why-Q}
}

@book{Galitsky2019DevelopingChatbots,
    title = {{Developing Enterprise Chatbots}},
    year = {2019},
    booktitle = {Developing Enterprise Chatbots},
    author = {Galitsky, Boris},
    isbn = {9783030042981},
    doi = {10.1007/978-3-030-04299-8}
}

@article{Yu2007DevelopmentPhysicians,
    title = {{Development, implementation, and a cognitive evaluation of a definitional question answering system for physicians}},
    year = {2007},
    journal = {Journal of Biomedical Informatics},
    author = {Yu, Hong and Lee, Minsuk and Kaufman, David and Ely, John and Osheroff, Jerome A. and Hripcsak, George and Cimino, James},
    number = {3},
    month = {6},
    pages = {236--251},
    volume = {40},
    doi = {10.1016/j.jbi.2007.03.002},
    issn = {15320464},
    keywords = {Evaluation, Information retrieval, Machine-learning, Question analysis, Question answering, Text summarization}
}

@article{Yu2007DevelopmentPhysiciansb,
    title = {{Development, implementation, and a cognitive evaluation of a definitional question answering system for physicians}},
    year = {2007},
    journal = {Journal of Biomedical Informatics},
    author = {Yu, Hong and Lee, Minsuk and Kaufman, David and Ely, John and Osheroff, Jerome A. and Hripcsak, George and Cimino, James},
    number = {3},
    month = {6},
    pages = {236--251},
    volume = {40},
    doi = {10.1016/j.jbi.2007.03.002},
    issn = {15320464},
    keywords = {Evaluation, Information retrieval, Machine-learning, Question analysis, Question answering, Text summarization}
}

@inproceedings{Malik2013DomainSystem,
    title = {{Domain knowledge enriched framework for restricted domain question answering system}},
    year = {2013},
    booktitle = {2013 IEEE International Conference on Computational Intelligence and Computing Research, IEEE ICCIC 2013},
    author = {Malik, Nidhi and Sharan, Aditi and Biswas, Payal},
    publisher = {IEEE Computer Society},
    isbn = {9781479915972},
    doi = {10.1109/ICCIC.2013.6724163},
    keywords = {Answer processing, Ontology, Question Answering, Question processing, Restricted domain question answering}
}

@inproceedings{Malik2013DomainSystemb,
    title = {{Domain knowledge enriched framework for restricted domain question answering system}},
    year = {2013},
    booktitle = {2013 IEEE International Conference on Computational Intelligence and Computing Research, IEEE ICCIC 2013},
    author = {Malik, Nidhi and Sharan, Aditi and Biswas, Payal},
    publisher = {IEEE Computer Society},
    isbn = {9781479915972},
    doi = {10.1109/ICCIC.2013.6724163},
    keywords = {Answer processing, Ontology, Question Answering, Question processing, Restricted domain question answering}
}

@inproceedings{Malik2013DomainSystemc,
    title = {{Domain knowledge enriched framework for restricted domain question answering system}},
    year = {2013},
    booktitle = {2013 IEEE International Conference on Computational Intelligence and Computing Research, IEEE ICCIC 2013},
    author = {Malik, Nidhi and Sharan, Aditi and Biswas, Payal},
    publisher = {IEEE Computer Society},
    isbn = {9781479915972},
    doi = {10.1109/ICCIC.2013.6724163},
    keywords = {Answer processing, Ontology, Question Answering, Question processing, Restricted domain question answering}
}

@book{Briefs2019Domain-SpecificGraph,
    title = {{Domain-Specific Knowledge Graph}},
    year = {2019},
    author = {Briefs, Springer and Computer, I N},
    isbn = {9783030123741}
}

@inproceedings{Lakel2015DynamicOntologies,
    title = {{Dynamic Evaluation of Ontologies}},
    year = {2015},
    booktitle = {Procedia Computer Science},
    author = {Lakel, Kheira and Bendella, Fatima},
    pages = {16--23},
    volume = {73},
    publisher = {Elsevier B.V.},
    doi = {10.1016/j.procs.2015.12.043},
    issn = {18770509},
    keywords = {Construction of ontology, Semantic Web, multi-agent systems, ontology, ontology engineering, ontology learning}
}

@inproceedings{Xiong2016DynamicAnswering,
    title = {{Dynamic memory networks for visual and textual question answering}},
    year = {2016},
    booktitle = {33rd International Conference on Machine Learning, ICML 2016},
    author = {Xiong, Caiming and Merity, Stephen and Socher, Richard},
    pages = {3574--3583},
    volume = {5},
    publisher = {International Machine Learning Society (IMLS)},
    isbn = {9781510829008},
    arxivId = {1603.01417}
}

@inproceedings{Singh2018EfficientClassifiers,
    title = {{Efficient wavelet families for ECG classification using neural classifiers}},
    year = {2018},
    booktitle = {Procedia Computer Science},
    author = {Singh, Ritu and Mehta, Rajesh and Rajpal, Navin},
    pages = {11--21},
    volume = {132},
    publisher = {Elsevier B.V.},
    doi = {10.1016/j.procs.2018.05.054},
    issn = {18770509},
    keywords = {BPN, DWT, ECG, FFN, MIT-BIH, RBFNN, Wavelet families}
}

@article{Chandrasekar2014ElementaryChallenge,
    title = {{Elementary? Question answering, IBM's Watson, and the Jeopardy! challenge}},
    year = {2014},
    journal = {Resonance},
    author = {Chandrasekar, Raman},
    number = {3},
    pages = {222--241},
    volume = {19},
    publisher = {Springer India},
    doi = {10.1007/s12045-014-0029-7},
    issn = {0973712X},
    keywords = {DeepQA, IBM, Jeopardy!, John McCarthy, Watson, artificial intelligence, natural language processing, question answering system, quiz show}
}

@article{Chandrasekar2014ElementaryChallengeb,
    title = {{Elementary? Question answering, IBM's Watson, and the Jeopardy! challenge}},
    year = {2014},
    journal = {Resonance},
    author = {Chandrasekar, Raman},
    number = {3},
    pages = {222--241},
    volume = {19},
    publisher = {Springer India},
    doi = {10.1007/s12045-014-0029-7},
    issn = {0973712X},
    keywords = {DeepQA, IBM, Jeopardy!, John McCarthy, Watson, artificial intelligence, natural language processing, question answering system, quiz show}
}

@article{Weizenbaum1966ELIZA-AMachine,
    title = {{ELIZA-A computer program for the study of natural language communication between man and machine}},
    year = {1966},
    journal = {Communications of the ACM},
    author = {Weizenbaum, Joseph},
    number = {1},
    month = {1},
    pages = {36--45},
    volume = {9},
    doi = {10.1145/365153.365168},
    issn = {15577317}
}

@article{Weizenbaum1966ELIZA-AMachineb,
    title = {{ELIZA-A computer program for the study of natural language communication between man and machine}},
    year = {1966},
    journal = {Communications of the ACM},
    author = {Weizenbaum, Joseph},
    number = {1},
    month = {1},
    pages = {36--45},
    volume = {9},
    doi = {10.1145/365153.365168},
    issn = {15577317}
}

@article{Hartley1979End-To-EndSainbayar,
    title = {{End-To-End Memory Networks Sainbayar}},
    year = {1979},
    journal = {Traffic Eng Control},
    author = {Hartley, M. G. and Bevilacqua, G.},
    issn = {00410683},
    arxivId = {1503.08895v5}
}

@inproceedings{Richardson2011EnglishData,
    title = {{English access to structured data}},
    year = {2011},
    booktitle = {Proceedings - 5th IEEE International Conference on Semantic Computing, ICSC 2011},
    author = {Richardson, Kyle D. and Bobrow, Daniel G. and Condoravdi, Cleo and Waldinger, Richard and Das, Amar},
    pages = {13--20},
    isbn = {9780769544922},
    doi = {10.1109/ICSC.2011.67},
    keywords = {Deductive question answering, HIV drug resistance database, Natural language interfaces to databases, Natural language processing, Theorem proving}
}

@inproceedings{Richardson2011EnglishDatab,
    title = {{English access to structured data}},
    year = {2011},
    booktitle = {Proceedings - 5th IEEE International Conference on Semantic Computing, ICSC 2011},
    author = {Richardson, Kyle D. and Bobrow, Daniel G. and Condoravdi, Cleo and Waldinger, Richard and Das, Amar},
    pages = {13--20},
    isbn = {9780769544922},
    doi = {10.1109/ICSC.2011.67},
    keywords = {Deductive question answering, HIV drug resistance database, Natural language interfaces to databases, Natural language processing, Theorem proving}
}

@article{Yue2017EnhancedAnswering,
    title = {{Enhanced question understanding with dynamic memory networks for textual question answering}},
    year = {2017},
    journal = {Expert Systems with Applications},
    author = {Yue, Chunyi and Cao, Hanqiang and Xiong, Kun and Cui, Anqi and Qin, Haocheng and Li, Ming},
    month = {9},
    pages = {39--45},
    volume = {80},
    publisher = {Elsevier Ltd},
    doi = {10.1016/j.eswa.2017.03.006},
    issn = {09574174},
    keywords = {Attention based GRU, Dynamic memory networks, Textual question answering}
}

@article{Yue2017EnhancedAnsweringb,
    title = {{Enhanced question understanding with dynamic memory networks for textual question answering}},
    year = {2017},
    journal = {Expert Systems with Applications},
    author = {Yue, Chunyi and Cao, Hanqiang and Xiong, Kun and Cui, Anqi and Qin, Haocheng and Li, Ming},
    month = {9},
    pages = {39--45},
    volume = {80},
    publisher = {Elsevier Ltd},
    doi = {10.1016/j.eswa.2017.03.006},
    issn = {09574174},
    keywords = {Attention based GRU, Dynamic memory networks, Textual question answering}
}

@inproceedings{Kamal2014EnhancingSystem,
    title = {{Enhancing arabic question answering system}},
    year = {2014},
    booktitle = {Proceedings - 2014 6th International Conference on Computational Intelligence and Communication Networks, CICN 2014},
    author = {Kamal, Aml Ibrahim and Azim, Mostafa Abd and Mahmoud, Mohamed},
    month = {3},
    pages = {641--645},
    publisher = {Institute of Electrical and Electronics Engineers Inc.},
    isbn = {9781479969296},
    doi = {10.1109/CICN.2014.143},
    keywords = {information retrieval, latent semantic indexing, natural language processing, question answering system}
}

@inproceedings{Kamal2014EnhancingSystemb,
    title = {{Enhancing arabic question answering system}},
    year = {2014},
    booktitle = {Proceedings - 2014 6th International Conference on Computational Intelligence and Communication Networks, CICN 2014},
    author = {Kamal, Aml Ibrahim and Azim, Mostafa Abd and Mahmoud, Mohamed},
    month = {3},
    pages = {641--645},
    publisher = {Institute of Electrical and Electronics Engineers Inc.},
    isbn = {9781479969296},
    doi = {10.1109/CICN.2014.143},
    keywords = {information retrieval, latent semantic indexing, natural language processing, question answering system}
}

@inproceedings{Kamal2014EnhancingSystemc,
    title = {{Enhancing arabic question answering system}},
    year = {2014},
    booktitle = {Proceedings - 2014 6th International Conference on Computational Intelligence and Communication Networks, CICN 2014},
    author = {Kamal, Aml Ibrahim and Azim, Mostafa Abd and Mahmoud, Mohamed},
    month = {3},
    pages = {641--645},
    publisher = {Institute of Electrical and Electronics Engineers Inc.},
    isbn = {9781479969296},
    doi = {10.1109/CICN.2014.143},
    keywords = {information retrieval, latent semantic indexing, natural language processing, question answering system}
}

@inproceedings{Aniol2019EnsembleProblem,
    title = {{Ensemble approach for natural language question answering problem}},
    year = {2019},
    booktitle = {Proceedings - 2019 7th International Symposium on Computing and Networking Workshops, CANDARW 2019},
    author = {Aniol, Anna and Pietron, Marcin and Duda, Jerzy},
    month = {11},
    pages = {180--183},
    publisher = {Institute of Electrical and Electronics Engineers Inc.},
    isbn = {9781728152684},
    doi = {10.1109/CANDARW.2019.00039},
    keywords = {Deep learning, Machine comprehension, Natural Language Processing}
}

@misc{Entr,
    title = {{entr}},
    url = {https://docs.google.com/spreadsheets/d/1hArsnQqtV_S3Dz_pfAmyaQ4ORkr8ak0x18Jm_40bMEk/edit?hl=de#gid=0}
}

@article{Spranger2014EstablishingTexts,
    title = {{Establishing a Question Answering System for Forensic Texts}},
    year = {2014},
    journal = {Procedia - Social and Behavioral Sciences},
    author = {Spranger, Michael and Labudde, Dirk},
    month = {8},
    pages = {197--205},
    volume = {147},
    publisher = {Elsevier BV},
    doi = {10.1016/j.sbspro.2014.07.152},
    issn = {18770428}
}

@article{Spranger2014EstablishingTextsb,
    title = {{Establishing a Question Answering System for Forensic Texts}},
    year = {2014},
    journal = {Procedia - Social and Behavioral Sciences},
    author = {Spranger, Michael and Labudde, Dirk},
    month = {8},
    pages = {197--205},
    volume = {147},
    publisher = {Elsevier BV},
    doi = {10.1016/j.sbspro.2014.07.152},
    issn = {18770428}
}

@inproceedings{Vazquez-Reyes2008EvaluatingAnswering,
    title = {{Evaluating causal questions for questions answering}},
    year = {2008},
    booktitle = {Proceedings of the Mexican International Conference on Computer Science},
    author = {Vazquez-Reyes, Sodel and Black, William J.},
    pages = {132--142},
    doi = {10.1109/ENC.2008.14},
    issn = {15504069},
    keywords = {Causal Questions., Natural Language Processing, Question Answering, Test Collection}
}

@inproceedings{Vazquez-Reyes2008EvaluatingAnsweringb,
    title = {{Evaluating causal questions for questions answering}},
    year = {2008},
    booktitle = {Proceedings of the Mexican International Conference on Computer Science},
    author = {Vazquez-Reyes, Sodel and Black, William J.},
    pages = {132--142},
    doi = {10.1109/ENC.2008.14},
    issn = {15504069},
    keywords = {Causal Questions., Natural Language Processing, Question Answering, Test Collection}
}

@article{Saquete2006EventSystem,
    title = {{Event ordering using TERSEO system}},
    year = {2006},
    journal = {Data and Knowledge Engineering},
    author = {Saquete, E. and Mu{\~{n}}oz, R. and Mart{\'{i}}nez-Barco, P.},
    number = {1 SPEC. ISS.},
    pages = {70--89},
    volume = {58},
    publisher = {Elsevier},
    doi = {10.1016/j.datak.2005.05.011},
    issn = {0169023X},
    keywords = {Event ordering, Natural Language Processing, Question Answering systems, Temporal expressions, Temporal information, Temporal recognition, Temporal resolution}
}

@article{Saquete2006EventSystemb,
    title = {{Event ordering using TERSEO system}},
    year = {2006},
    journal = {Data and Knowledge Engineering},
    author = {Saquete, E. and Mu{\~{n}}oz, R. and Mart{\'{i}}nez-Barco, P.},
    number = {1 SPEC. ISS.},
    pages = {70--89},
    volume = {58},
    publisher = {Elsevier},
    doi = {10.1016/j.datak.2005.05.011},
    issn = {0169023X},
    keywords = {Event ordering, Natural Language Processing, Question Answering systems, Temporal expressions, Temporal information, Temporal recognition, Temporal resolution}
}

@article{Hammo2004ExperimentingLanguage,
    title = {{Experimenting with a question answering system for the Arabic language}},
    year = {2004},
    journal = {Computers and the Humanities},
    author = {Hammo, Bassam and Abuleil, Saleem and Lytinen, Steven and Evens, Martha},
    number = {4},
    pages = {397--415},
    volume = {38},
    doi = {10.1007/s10579-004-1917-3},
    issn = {00104817},
    keywords = {Arabic, Proper nouns, Question-answering, Semantic tagging, Shallow parsing}
}

@article{Hammo2004ExperimentingLanguageb,
    title = {{Experimenting with a question answering system for the Arabic language}},
    year = {2004},
    journal = {Computers and the Humanities},
    author = {Hammo, Bassam and Abuleil, Saleem and Lytinen, Steven and Evens, Martha},
    number = {4},
    pages = {397--415},
    volume = {38},
    doi = {10.1007/s10579-004-1917-3},
    issn = {00104817},
    keywords = {Arabic, Proper nouns, Question-answering, Semantic tagging, Shallow parsing}
}

@article{Hammo2004ExperimentingLanguagec,
    title = {{Experimenting with a question answering system for the Arabic language}},
    year = {2004},
    journal = {Computers and the Humanities},
    author = {Hammo, Bassam and Abuleil, Saleem and Lytinen, Steven and Evens, Martha},
    number = {4},
    pages = {397--415},
    volume = {38},
    doi = {10.1007/s10579-004-1917-3},
    issn = {00104817},
    keywords = {Arabic, Proper nouns, Question-answering, Semantic tagging, Shallow parsing}
}

@inproceedings{Harabagiu2000ExperimentsAnswering,
    title = {{Experiments with open-domain textual Question Answering}},
    year = {2000},
    author = {Harabagiu, Sanda M. and Pa{\c{s}}ca, Marius A. and Maiorano, Steven J.},
    pages = {292--298},
    publisher = {Association for Computational Linguistics (ACL)},
    doi = {10.3115/990820.990863}
}

@inproceedings{Harabagiu2000ExperimentsAnsweringb,
    title = {{Experiments with open-domain textual Question Answering}},
    year = {2000},
    author = {Harabagiu, Sanda M. and Pa{\c{s}}ca, Marius A. and Maiorano, Steven J.},
    pages = {292--298},
    publisher = {Association for Computational Linguistics (ACL)},
    doi = {10.3115/990820.990863}
}

@inproceedings{Harabagiu2000ExperimentsAnsweringc,
    title = {{Experiments with open-domain textual Question Answering}},
    year = {2000},
    author = {Harabagiu, Sanda M. and Pa{\c{s}}ca, Marius A. and Maiorano, Steven J.},
    pages = {292--298},
    publisher = {Association for Computational Linguistics (ACL)},
    doi = {10.3115/990820.990863}
}

@article{Ferrandez2009ExploitingAnswering,
    title = {{Exploiting Wikipedia and EuroWordNet to solve Cross-Lingual Question Answering}},
    year = {2009},
    journal = {Information Sciences},
    author = {Ferr{\'{a}}ndez, Sergio and Toral, Antonio and Ferr{\'{a}}ndez, Óscar and Ferr{\'{a}}ndez, Antonio and Mu{\~{n}}oz, Rafael},
    number = {20},
    month = {9},
    pages = {3473--3488},
    volume = {179},
    doi = {10.1016/j.ins.2009.06.031},
    issn = {00200255},
    keywords = {Cross-Lingual Question Answering, EuroWordNet, Inter Lingual Index, Multilingual knowledge resources, Natural Language Processing, Wikipedia}
}

@article{FerrandezExploitingAnswering,
    title = {{Exploiting wikipedia and eurowordnet to solve cross-lingual question answering}},
    journal = {Elsevier},
    author = {Ferr{\'{a}}ndez, S and Toral, A and Ferr{\'{a}}ndez, Ó and {\ldots}, A Ferrández - Information and 2009, undefined},
    url = {https://www.sciencedirect.com/science/article/pii/S0020025509003004}
}

@article{DiBlas2017ExploratorySensemaking,
    title = {{Exploratory computing: a comprehensive approach to data sensemaking}},
    year = {2017},
    journal = {International Journal of Data Science and Analytics},
    author = {Di Blas, Nicoletta and Mazuran, Mirjana and Paolini, Paolo and Quintarelli, Elisa and Tanca, Letizia},
    number = {1},
    month = {2},
    pages = {61--77},
    volume = {3},
    publisher = {Springer Nature},
    doi = {10.1007/s41060-016-0039-5},
    issn = {2364-415X}
}

@inproceedings{Li2002ExtractingLinks,
    title = {{Extracting exact answers to questions based on structural links}},
    year = {2002},
    author = {Li, Wei and Srihari, Rohini K. and Li, Xiaoge and Srikanth, M. and Zhang, Xiuhong and Niu, Cheng},
    pages = {1--9},
    publisher = {Association for Computational Linguistics (ACL)},
    doi = {10.3115/1118845.1118850}
}

@techreport{Li2002ExtractingLinksb,
    title = {{Extracting Exact Answers to Questions Based on Structural Links}},
    year = {2002},
    author = {Li, Wei and Srihari, Rohini K. and Li, Xiaoge and Srikanth, M. and Zhang, Xiuhong and Niu, Cheng},
    month = {1},
    url = {http://www.dtic.mil/docs/citations/ADA457785},
    institution = {US Dept of the Air Force},
    doi = {10.21236/ADA457785}
}

@techreport{Li2002ExtractingLinksc,
    title = {{Extracting Exact Answers to Questions Based on Structural Links}},
    year = {2002},
    author = {Li, Wei and Srihari, Rohini K. and Li, Xiaoge and Srikanth, M. and Zhang, Xiuhong and Niu, Cheng},
    month = {1},
    url = {http://www.dtic.mil/docs/citations/ADA457785},
    institution = {US Dept of the Air Force},
    doi = {10.21236/ADA457785}
}

@techreport{Li2002ExtractingLinksd,
    title = {{Extracting Exact Answers to Questions Based on Structural Links}},
    year = {2002},
    author = {Li, Wei and Srihari, Rohini K. and Li, Xiaoge and Srikanth, M. and Zhang, Xiuhong and Niu, Cheng},
    month = {1},
    url = {http://www.dtic.mil/docs/citations/ADA457785},
    institution = {US Dept of the Air Force},
    doi = {10.21236/ADA457785}
}

@techreport{LiExtracting,
    title = {{Extracting Exact Answers to Questions Based on Structural Links *}},
    author = {Li, Wei and Srihari, Rohini K and Li, Xiaoge and Srikanth, M and Zhang, Xiuhong and Niu, Cheng},
    keywords = {Dependency Link *, Information Extraction, Question Answering, Semantic Parsing}
}

@techreport{Yao2014FEATURE-DRIVENALIGNMENT,
    title = {{FEATURE-DRIVEN QUESTION ANSWERING WITH NATURAL LANGUAGE ALIGNMENT}},
    year = {2014},
    author = {Yao, Xuchen}
}

@article{Moriceau2010FIDJI:Documents,
    title = {{FIDJI: Using syntax for validating answers in multiple documents}},
    year = {2010},
    journal = {Information Retrieval},
    author = {Moriceau, Véronique and Tannier, Xavier},
    number = {5},
    pages = {507--533},
    volume = {13},
    doi = {10.1007/s10791-010-9131-y},
    issn = {13864564},
    keywords = {Focused retrieval, Multi-document validation, Question answering, Result aggregation, Syntactic analysis}
}

@article{Moriceau2010FIDJI:Documentsb,
    title = {{FIDJI: Using syntax for validating answers in multiple documents}},
    year = {2010},
    journal = {Information Retrieval},
    author = {Moriceau, Véronique and Tannier, Xavier},
    number = {5},
    pages = {507--533},
    volume = {13},
    doi = {10.1007/s10791-010-9131-y},
    issn = {13864564},
    keywords = {Focused retrieval, Multi-document validation, Question answering, Result aggregation, Syntactic analysis}
}

@article{Moriceau2010FIDJI:Documentsc,
    title = {{FIDJI: Using syntax for validating answers in multiple documents}},
    year = {2010},
    journal = {Information Retrieval},
    author = {Moriceau, Véronique and Tannier, Xavier},
    number = {5},
    pages = {507--533},
    volume = {13},
    doi = {10.1007/s10791-010-9131-y},
    issn = {13864564},
    keywords = {Focused retrieval, Multi-document validation, Question answering, Result aggregation, Syntactic analysis}
}

@inproceedings{Grau2007FindingQuestion,
    title = {{Finding an answer to a question}},
    year = {2007},
    booktitle = {Proceedings of the International Workshop on Research Issues in Digital Libraries, IWRIDL-2006, in Association with ACM SIGIR},
    author = {Grau, Brigitte},
    isbn = {1595936084},
    doi = {10.1145/1364742.1364751},
    keywords = {answer extraction, computational linguistic, natural language processing, passage retrieval, question answering}
}

@inproceedings{Grau2007FindingQuestionb,
    title = {{Finding an answer to a question}},
    year = {2007},
    booktitle = {Proceedings of the International Workshop on Research Issues in Digital Libraries, IWRIDL-2006, in Association with ACM SIGIR},
    author = {Grau, Brigitte},
    isbn = {1595936084},
    doi = {10.1145/1364742.1364751},
    keywords = {answer extraction, computational linguistic, natural language processing, passage retrieval, question answering}
}

@inproceedings{Grau2007FindingQuestionc,
    title = {{Finding an answer to a question}},
    year = {2007},
    booktitle = {Proceedings of the International Workshop on Research Issues in Digital Libraries, IWRIDL-2006, in Association with ACM SIGIR},
    author = {Grau, Brigitte},
    isbn = {1595936084},
    doi = {10.1145/1364742.1364751},
    keywords = {answer extraction, computational linguistic, natural language processing, passage retrieval, question answering}
}

@book{Croitoru2017ForRepresentation,
    title = {{for Knowledge Representation}},
    year = {2017},
    author = {Croitoru, Madalina and Marquis, Pierre and Rudolph, Sebastian and Stapleton, Gem and Goebel, Randy},
    isbn = {9783319781013}
}

@book{PortmannFuzzyHumanist,
    title = {{Fuzzy Humanist}},
    author = {Portmann, Edy},
    isbn = {9783658268909}
}

@inproceedings{Dhomne2018GenderLearning,
    title = {{Gender Recognition Through Face Using Deep Learning}},
    year = {2018},
    booktitle = {Procedia Computer Science},
    author = {Dhomne, Amit and Kumar, Ranjit and Bhan, Vijay},
    pages = {2--10},
    volume = {132},
    publisher = {Elsevier B.V.},
    doi = {10.1016/j.procs.2018.05.053},
    issn = {18770509},
    keywords = {D-CNN, Deep Learning, Gender Recognition, MLP, Soft-max, VGGNet}
}

@article{Figueroa2008GeneticAnswering,
    title = {{Genetic algorithms for data-driven Web question answering}},
    year = {2008},
    journal = {Evolutionary Computation},
    author = {Figueroa, Alejandro G. and Neumann, Günter},
    number = {1},
    month = {3},
    pages = {89--125},
    volume = {16},
    doi = {10.1162/evco.2008.16.1.89},
    issn = {10636560},
    keywords = {Genetic algorithms, Natural language processing, Question answering, Web mining}
}

@article{Neumann2008GeneticAnswering,
    title = {{Genetic Algorithms for Data-Driven Web Question Answering}},
    year = {2008},
    journal = {MIT Press},
    author = {Neumann, Günter and Figueroa, Alejandro G and Unter Neumann, G ¨},
    number = {1},
    month = {3},
    pages = {89--125},
    volume = {16},
    url = {https://www.researchgate.net/publication/5465556},
    doi = {10.1162/evco.2008.16.1.89},
    keywords = {Genetic algorithms, Natural Language Processing, Question Answering, Web Mining}
}

@techreport{Balahur2010GoingAnswering,
    title = {{Going Beyond Traditional QA Systems: Challenges and Keys in Opinion Question Answering}},
    year = {2010},
    booktitle = {dl.acm.org},
    author = {Balahur, Alexandra and Boldrini, Ester and Montoyo, Andrés and Mart{\'{i}}nez-Barco, Patricio},
    pages = {27--35},
    url = {http://technorati.com/}
}

@article{ApplicationsGoogleBereitstellen,
    title = {{Google BERT – deutschsprachige Anwendungen entwickeln und bereitstellen}},
    author = {Applications, German Bert}
}

@article{Dietze2009GoWeb:Web,
    title = {{GoWeb: A semantic search engine for the life science web}},
    year = {2009},
    journal = {BMC Bioinformatics},
    author = {Dietze, Heiko and Schroeder, Michael},
    number = {SUPPL. 10},
    month = {10},
    volume = {10},
    publisher = {BioMed Central Ltd.},
    doi = {10.1186/1471-2105-10-S10-S7},
    issn = {14712105}
}

@article{Dietze2009GoWeb:Webb,
    title = {{GoWeb: A semantic search engine for the life science web}},
    year = {2009},
    journal = {BMC Bioinformatics},
    author = {Dietze, Heiko and Schroeder, Michael},
    number = {SUPPL. 10},
    month = {10},
    volume = {10},
    publisher = {BioMed Central Ltd.},
    doi = {10.1186/1471-2105-10-S10-S7},
    issn = {14712105}
}

@techreport{Bobrow1977GUSSystem,
    title = {{GUS, A Frame-Driven Dia|og System}},
    year = {1977},
    booktitle = {Artificial Intelligence},
    author = {Bobrow, Daniel G and Kaplan, Ronald M and Kay, Martin and Norman, Donald A and Thompson, Henry and Winograd, Terry and Norman, D A},
    number = {0977},
    pages = {155--173},
    volume = {8}
}

@inproceedings{Bach2019HospitalChannel,
    title = {{Hospital Websites: From the Information Repository to Interactive Channel}},
    year = {2019},
    booktitle = {Procedia Computer Science},
    author = {Bach, Mirjana Pejić and Seljan, Sanja and Jakovi{\'{c}}, Božidar and Buljan, Ante and Zoroja, Jovana},
    pages = {64--71},
    volume = {164},
    publisher = {Elsevier B.V.},
    doi = {10.1016/j.procs.2019.12.155},
    issn = {18770509},
    keywords = {eHealth, hospital websites, information repository, interactive online communication, public Health, public communication}
}

@inproceedings{Delmonte2006HybridAnswering,
    title = {{Hybrid systems for information extraction and question answering}},
    year = {2006},
    author = {Delmonte, Rodolfo},
    pages = {9},
    publisher = {Association for Computational Linguistics (ACL)},
    doi = {10.3115/1629808.1629811}
}

@techreport{Delmonte2006HybridAnsweringb,
    title = {{Hybrid Systems for Information Extraction and Question Answering}},
    year = {2006},
    booktitle = {aclweb.org},
    author = {Delmonte, Rodolfo},
    pages = {9--16},
    url = {https://www.aclweb.org/anthology/W06-0802.pdf}
}

@techreport{Zhu2001IBMsSystem,
    title = {{IBM's Statistical Question Answering System}},
    year = {2001},
    author = {Zhu, Wei Jing and Mammone, Richard J},
    url = {https://www.researchgate.net/publication/2875435}
}

@techreport{Saxena2007IITD-IBMIRLRecognition,
    title = {{IITD-IBMIRL System for Question Answering using Pattern Matching, Semantic Type and Semantic Category Recognition}},
    year = {2007},
    booktitle = {trec.nist.gov},
    author = {Saxena, Ashish Kumar and Sambhu, Viswanath and Subramaniam, L Venkata and Kaushik, Saroj},
    url = {https://trec.nist.gov/pubs/trec16/papers/iit-delhi-ibm-india.qa.pdf}
}

@inproceedings{Walke2013ImplementationSystem,
    title = {{Implementation approaches for various categories of question answering system}},
    year = {2013},
    booktitle = {2013 IEEE Conference on Information and Communication Technologies, ICT 2013},
    author = {Walke, Pooja P. and Karale, Shivkumar},
    pages = {402--407},
    isbn = {9781467357586},
    doi = {10.1109/CICT.2013.6558129},
    keywords = {Information Extraction (IE), Information Retrieval (IR), Natural Language Processing (NLP), Question Answering System (QAS), Search Engines}
}

@inproceedings{Walke2013ImplementationSystemb,
    title = {{Implementation approaches for various categories of question answering system}},
    year = {2013},
    booktitle = {2013 IEEE Conference on Information and Communication Technologies, ICT 2013},
    author = {Walke, Pooja P. and Karale, Shivkumar},
    pages = {402--407},
    isbn = {9781467357586},
    doi = {10.1109/CICT.2013.6558129},
    keywords = {Information Extraction (IE), Information Retrieval (IR), Natural Language Processing (NLP), Question Answering System (QAS), Search Engines}
}

@article{Sharma2018ImplementationIn,
    title = {{Implementation on Framework for Restricted Domain Question Answering System using Advance NLP Tools {\&} Software in}},
    year = {2018},
    journal = {International Journal for Research in Applied Science and Engineering Technology},
    author = {Sharma, Shilpa},
    number = {5},
    pages = {2817--2828},
    volume = {6},
    doi = {10.22214/ijraset.2018.5462},
    keywords = {-natural language processing, answer extraction, information retrieval, restricted domain, semantic similarity}
}

@article{Chali2011ImprovingKernels,
    title = {{Improving graph-based random walks for complex question answering using syntactic, shallow semantic and extended string subsequence kernels}},
    year = {2011},
    journal = {Information Processing and Management},
    author = {Chali, Yllias and Hasan, Sadid A. and Joty, Shafiq R.},
    number = {6},
    month = {11},
    pages = {843--855},
    volume = {47},
    doi = {10.1016/j.ipm.2010.10.002},
    issn = {03064573},
    keywords = {Complex question answering, Extended string subsequence kernel, Graph-based method, Shallow semantic kernel, Syntactic kernel}
}

@article{ChaliImprovingKernels,
    title = {{Improving graph-based random walks for complex question answering using syntactic, shallow semantic and extended string subsequence kernels}},
    journal = {Elsevier},
    author = {Chali, Yllias and Hasan, Sadid A and Joty, Shafiq R},
    url = {https://www.sciencedirect.com/science/article/pii/S0306457310000877},
    doi = {10.1016/j.ipm.2010.10.002}
}

@article{Kosseim2008ImprovingPatterns,
    title = {{Improving the performance of question answering with semantically equivalent answer patterns}},
    year = {2008},
    journal = {Data and Knowledge Engineering},
    author = {Kosseim, Leila and Yousefi, Jamileh},
    number = {1},
    month = {7},
    pages = {53--67},
    volume = {66},
    doi = {10.1016/j.datak.2007.07.010},
    issn = {0169023X},
    keywords = {Natural language processing, Question answering, Question reformulations, Semantic relations}
}

@article{Kosseim2008ImprovingPatternsb,
    title = {{Improving the performance of question answering with semantically equivalent answer patterns}},
    year = {2008},
    journal = {Data and Knowledge Engineering},
    author = {Kosseim, Leila and Yousefi, Jamileh},
    number = {1},
    month = {7},
    pages = {53--67},
    volume = {66},
    doi = {10.1016/j.datak.2007.07.010},
    issn = {0169023X},
    keywords = {Natural language processing, Question answering, Question reformulations, Semantic relations}
}

@article{Kosseim2008ImprovingPatternsc,
    title = {{Improving the performance of question answering with semantically equivalent answer patterns}},
    year = {2008},
    journal = {Data and Knowledge Engineering},
    author = {Kosseim, Leila and Yousefi, Jamileh},
    number = {1},
    month = {7},
    pages = {53--67},
    volume = {66},
    doi = {10.1016/j.datak.2007.07.010},
    issn = {0169023X},
    keywords = {Natural language processing, Question answering, Question reformulations, Semantic relations}
}

@inproceedings{Chu-Carroll2003InOne,
    title = {{In question answering, two heads are better than one}},
    year = {2003},
    author = {Chu-Carroll, Jennifer and Czuba, Krzysztof and Prager, John and Ittycheriah, Abraham},
    pages = {24--31},
    publisher = {Association for Computational Linguistics (ACL)},
    doi = {10.3115/1073445.1073449}
}

@techreport{Chu-CarrollInOne,
    title = {{In Question Answering, Two Heads Are Better Than One}},
    booktitle = {dl.acm.org},
    author = {Chu-Carroll, Jennifer and Czuba, Krzysztof and Prager, John and Ittycheriah, Abraham},
    url = {https://dl.acm.org/citation.cfm?id=1073449}
}

@article{Simmons1964IndexingQuestions,
    title = {{Indexing and dependency logic for answering english questions}},
    year = {1964},
    journal = {American Documentation},
    author = {Simmons, Robert F. and Klein, Sheldon and McConlogue, Keren},
    number = {3},
    pages = {196--204},
    volume = {15},
    doi = {10.1002/asi.5090150306},
    issn = {0096946X}
}

@article{Jung2005InformationExpansion,
    title = {{Information extraction with automatic knowledge expansion}},
    year = {2005},
    journal = {Information Processing and Management},
    author = {Jung, Hanmin and Yi, Eunji and Kim, Dongseok and Lee, Gary Geunbae},
    number = {2},
    month = {3},
    pages = {217--242},
    volume = {41},
    doi = {10.1016/S0306-4573(03)00066-9},
    issn = {03064573},
    keywords = {Information extraction, Lexico-semantic pattern, Machine learning, Question answering, User-oriented learning}
}

@article{Jung2005InformationExpansionb,
    title = {{Information extraction with automatic knowledge expansion}},
    year = {2005},
    journal = {Information Processing and Management},
    author = {Jung, Hanmin and Yi, Eunji and Kim, Dongseok and Lee, Gary Geunbae},
    number = {2},
    month = {3},
    pages = {217--242},
    volume = {41},
    doi = {10.1016/S0306-4573(03)00066-9},
    issn = {03064573},
    keywords = {Information extraction, Lexico-semantic pattern, Machine learning, Question answering, User-oriented learning}
}

@article{Jung2005InformationExpansionc,
    title = {{Information extraction with automatic knowledge expansion}},
    year = {2005},
    journal = {Information Processing and Management},
    author = {Jung, Hanmin and Yi, Eunji and Kim, Dongseok and Lee, Gary Geunbae},
    number = {2},
    month = {3},
    pages = {217--242},
    volume = {41},
    doi = {10.1016/S0306-4573(03)00066-9},
    issn = {03064573},
    keywords = {Information extraction, Lexico-semantic pattern, Machine learning, Question answering, User-oriented learning}
}

@inproceedings{Chandurkar2017InformationKnowledgeBase,
    title = {{Information Retrieval from a Structured KnowledgeBase}},
    year = {2017},
    booktitle = {Proceedings - IEEE 11th International Conference on Semantic Computing, ICSC 2017},
    author = {Chandurkar, Avani and Bansal, Ajay},
    month = {3},
    pages = {407--412},
    publisher = {Institute of Electrical and Electronics Engineers Inc.},
    isbn = {9781509048960},
    doi = {10.1109/ICSC.2017.95},
    keywords = {Information Retrieval, Natural Language Processing, Question Answering System, Structured Semantic Data}
}

@article{ChandurkarInformationKnowledgebase,
    title = {{Information retrieval from a structured knowledgebase}},
    journal = {ieeexplore.ieee.org},
    author = {Chandurkar, A and International, A Bansal - 2017 IEEE 11th and 2017, undefined},
    url = {https://ieeexplore.ieee.org/abstract/document/7889571/}
}

@inproceedings{Montero2004Information-demandingSystem,
    title = {{Information-demanding question answering system}},
    year = {2004},
    booktitle = {IEEE International Symposium on Communications and Information Technologies: ISCIT 2004},
    author = {Montero, Calkin A.S. and Araki, Kenji},
    pages = {1177--1182},
    volume = {2},
    isbn = {0780385934},
    doi = {10.1109/iscit.2004.1413904}
}

@article{Chergui2019IntegratingAnswering,
    title = {{Integrating a Bayesian semantic similarity approach into CBR for knowledge reuse in Community Question Answering}},
    year = {2019},
    journal = {Knowledge-Based Systems},
    author = {Chergui, Oumayma and Begdouri, Ahlame and Groux-Leclet, Dominique},
    month = {12},
    volume = {185},
    publisher = {Elsevier B.V.},
    doi = {10.1016/j.knosys.2019.104919},
    issn = {09507051},
    keywords = {Bayesian inference, Case-Based Reasoning, Community Question Answering, Textual similarity}
}

@article{Figueroa2019IntegratingAnswers,
    title = {{Integrating heterogeneous sources for predicting question temporal anchors across Yahoo! Answers}},
    year = {2019},
    journal = {Information Fusion},
    author = {Figueroa, Alejandro and G{\'{o}}mez-Pantoja, Carlos and Neumann, Günter},
    month = {10},
    pages = {112--125},
    volume = {50},
    publisher = {Elsevier B.V.},
    doi = {10.1016/j.inffus.2018.10.006},
    issn = {15662535},
    keywords = {Intelligent information retrieval, Multi-view learning, Natural language processing, Question classification, Transfer learning, Web mining}
}

@inproceedings{Ansari2016IntelligentNetwork,
    title = {{Intelligent question answering system based on artificial neural network}},
    year = {2016},
    booktitle = {Proceedings of 2nd IEEE International Conference on Engineering and Technology, ICETECH 2016},
    author = {Ansari, Ahlam and Maknojia, Moonish and Shaikh, Altamash},
    month = {9},
    pages = {758--763},
    publisher = {Institute of Electrical and Electronics Engineers Inc.},
    isbn = {9781467399166},
    doi = {10.1109/ICETECH.2016.7569350},
    keywords = {Artificial Neural Network, NLP, Question Answering System}
}

@inproceedings{Ansari2016IntelligentNetworkb,
    title = {{Intelligent question answering system based on artificial neural network}},
    year = {2016},
    booktitle = {Proceedings of 2nd IEEE International Conference on Engineering and Technology, ICETECH 2016},
    author = {Ansari, Ahlam and Maknojia, Moonish and Shaikh, Altamash},
    month = {9},
    pages = {758--763},
    publisher = {Institute of Electrical and Electronics Engineers Inc.},
    isbn = {9781467399166},
    doi = {10.1109/ICETECH.2016.7569350},
    keywords = {Artificial Neural Network, NLP, Question Answering System}
}

@misc{Ferrucci2012IntroductionWatson,
    title = {{Introduction to "This is Watson"}},
    year = {2012},
    booktitle = {IBM Journal of Research and Development},
    author = {Ferrucci, D. A.},
    number = {3-4},
    month = {5},
    volume = {56},
    doi = {10.1147/JRD.2012.2184356},
    issn = {00188646}
}

@article{DevelopmentIntroductionWatson,
    title = {{Introduction to “this is watson”}},
    journal = {ieeexplore.ieee.org},
    author = {Development, DA Ferrucci - IBM Journal of Research and and 2012, undefined},
    url = {https://ieeexplore.ieee.org/abstract/document/6177724/}
}

@inproceedings{Ramakrishnan2004IsSkill,
    title = {{Is question answering an acquired skill?}},
    year = {2004},
    booktitle = {Thirteenth International World Wide Web Conference Proceedings, WWW2004},
    author = {Ramakrishnan, Ganesh and Paranjpe, Deepa and Chakrabarti, Soumen and Bhattacharyya, Pushpak},
    pages = {111--120},
    isbn = {158113844X},
    doi = {10.1145/988672.988688},
    keywords = {Machine learning, Question answering}
}

@inproceedings{Ramakrishnan2004IsSkillb,
    title = {{Is question answering an acquired skill?}},
    year = {2004},
    booktitle = {Thirteenth International World Wide Web Conference Proceedings, WWW2004},
    author = {Ramakrishnan, Ganesh and Paranjpe, Deepa and Chakrabarti, Soumen and Bhattacharyya, Pushpak},
    pages = {111--120},
    isbn = {158113844X},
    doi = {10.1145/988672.988688},
    keywords = {Machine learning, Question answering}
}

@article{LopezIsSurvey,
    title = {{Is question answering fit for the Semantic Web? A survey Journal Item How to cite: Is Question Answering fit for the Semantic Web?: a Survey}},
    journal = {content.iospress.com},
    author = {Lopez, Vanessa and Uren, Victoria and Sabou, Marta and Motta, Enrico},
    url = {http://dx.doi.org/},
    doi = {10.3233/SW-2011-0041},
    keywords = {Natural Language, Question Answering survey, Semantic Web, ontology}
}

@inproceedings{Cui2016KBQA:Bases,
    title = {{KBQA: Learning question answering over QA corpora and knowledge bases}},
    year = {2016},
    booktitle = {Proceedings of the VLDB Endowment},
    author = {Cui, Wanyun and Xiao, Yanghua and Wang, Haixun and Song, Yangqiu and Hwang, Seung Won and Wang, Wei},
    number = {5},
    pages = {565--576},
    volume = {10},
    publisher = {Association for Computing Machinery},
    doi = {10.14778/3055540.3055549},
    issn = {21508097},
    arxivId = {1903.02419}
}

@techreport{Cui2019KBQA:Bases,
    title = {{KBQA: Learning Question Answering over QA Corpora and Knowledge Bases}},
    year = {2019},
    booktitle = {arxiv.org},
    author = {Cui, Wanyun and Xiao, Yanghua and Wang, Haixun and Song, Yangqiu and Hwang, Seung-won and Wang, Wei},
    url = {https://arxiv.org/abs/1903.02419},
    arxivId = {1903.02419v1}
}

@inproceedings{Iqbal2019KeyReview,
    title = {{Key Opportunities and Challenges of Data Migration in Cloud: Results from a Multivocal Literature Review}},
    year = {2019},
    booktitle = {Procedia Computer Science},
    author = {Iqbal, Arif and Colomo-Palacios, Ricardo},
    pages = {48--55},
    volume = {164},
    publisher = {Elsevier B.V.},
    doi = {10.1016/j.procs.2019.12.153},
    issn = {18770509},
    keywords = {Cloud Vendors, Cloud computing, Data Migration, Multivocal literature review}
}

@book{B2018KnowledgeUnderstanding,
    title = {{Knowledge Graph and Semantic Computing. Knowledge Computing and Language Understanding}},
    year = {2018},
    booktitle = {China Conference on Knowledge Graph and Semantic Computing},
    author = {B, Yang Li and Miao, Qingliang and Guo, Tong and Geng, Ji and Hu, Changjian},
    number = {January},
    pages = {52--64},
    volume = {1},
    url = {http://link.springer.com/10.1007/978-981-13-3146-6},
    isbn = {978-981-13-3145-9},
    doi = {10.1007/978-981-13-3146-6},
    keywords = {Information extraction, LVC, Logi, Trans-classed word, information extraction}
}

@misc{Burggraf2020Knowledge-basedReview,
    title = {{Knowledge-based problem solving in physical product development––A methodological review}},
    year = {2020},
    booktitle = {Expert Systems with Applications: X},
    author = {Burggr{\"{a}}f, Peter and Wagner, Johannes and Wei{\ss}er, Tim},
    month = {4},
    volume = {5},
    publisher = {Elsevier Ltd},
    doi = {10.1016/j.eswax.2020.100025},
    issn = {25901885},
    keywords = {Case-based reasoning, Knowledge-based system, Machine learning, Manufacturing problem solving, Product development}
}

@article{Yang2015Knowledge-basedSpace,
    title = {{Knowledge-based question answering using the semantic embedding space}},
    year = {2015},
    journal = {Expert Systems with Applications},
    author = {Yang, Min Chul and Lee, Do Gil and Park, So Young and Rim, Hae Chang},
    number = {23},
    month = {12},
    pages = {9086--9104},
    volume = {42},
    publisher = {Elsevier Ltd},
    doi = {10.1016/j.eswa.2015.07.009},
    issn = {09574174},
    keywords = {Distributional semantics, Embedding model, Knowledge base, Labeled-LDA, Neural networks, Question answering}
}

@article{Yang2015Knowledge-basedSpaceb,
    title = {{Knowledge-based question answering using the semantic embedding space}},
    year = {2015},
    journal = {Expert Systems with Applications},
    author = {Yang, Min Chul and Lee, Do Gil and Park, So Young and Rim, Hae Chang},
    number = {23},
    month = {12},
    pages = {9086--9104},
    volume = {42},
    publisher = {Elsevier Ltd},
    doi = {10.1016/j.eswa.2015.07.009},
    issn = {09574174},
    keywords = {Distributional semantics, Embedding model, Knowledge base, Labeled-LDA, Neural networks, Question answering}
}

@inproceedings{Li2002LearningClassifiers,
    title = {{Learning question classifiers}},
    year = {2002},
    booktitle = {Proceedings of the 19th international conference on Computational linguistics  -},
    author = {Li, Xin and Roth, Dan},
    pages = {1--7},
    volume = {1},
    publisher = {Association for Computational Linguistics (ACL)},
    url = {http://portal.acm.org/citation.cfm?doid=1072228.1072378},
    address = {Morristown, NJ, USA},
    doi = {10.3115/1072228.1072378}
}

@techreport{RavichandranLearningSystem,
    title = {{Learning Surface Text Patterns for a Question Answering System}},
    booktitle = {dl.acm.org},
    author = {Ravichandran, Deepak and Hovy, Eduard},
    url = {http://www.altavista.com}
}

@techreport{RavichandranLearningSystemb,
    title = {{Learning Surface Text Patterns for a Question Answering System}},
    booktitle = {dl.acm.org},
    author = {Ravichandran, Deepak and Hovy, Eduard},
    url = {http://www.altavista.com}
}

@inproceedings{Andreas2016LearningAnswering,
    title = {{Learning to compose neural networks for question answering}},
    year = {2016},
    booktitle = {2016 Conference of the North American Chapter of the Association for Computational Linguistics: Human Language Technologies, NAACL HLT 2016 - Proceedings of the Conference},
    author = {Andreas, Jacob and Rohrbach, Marcus and Darrell, Trevor and Klein, Dan},
    pages = {1545--1554},
    publisher = {Association for Computational Linguistics (ACL)},
    isbn = {9781941643914},
    doi = {10.18653/v1/n16-1181},
    arxivId = {1601.01705}
}

@article{Furbach2010Logic-BasedAnswering,
    title = {{Logic-Based Question Answering}},
    year = {2010},
    journal = {KI - K{\"{u}}nstliche Intelligenz},
    author = {Furbach, Ulrich and Gl{\"{o}}ckner, Ingo and Helbig, Hermann and Pelzer, Björn},
    number = {1},
    month = {4},
    pages = {51--55},
    volume = {24},
    publisher = {Springer Science and Business Media LLC},
    doi = {10.1007/s13218-010-0010-x},
    issn = {0933-1875}
}

@article{Furbach2010Logic-BasedAnsweringb,
    title = {{Logic-Based Question Answering}},
    year = {2010},
    journal = {KI - K{\"{u}}nstliche Intelligenz},
    author = {Furbach, Ulrich and Gl{\"{o}}ckner, Ingo and Helbig, Hermann and Pelzer, Björn},
    number = {1},
    month = {4},
    pages = {51--55},
    volume = {24},
    publisher = {Springer Science and Business Media LLC},
    doi = {10.1007/s13218-010-0010-x},
    issn = {0933-1875},
    keywords = {Artificial Intelligence, Software Engineering/Programming and Operating Systems}
}

@article{Furbach2010Logic-BasedAnsweringc,
    title = {{Logic-Based Question Answering}},
    year = {2010},
    journal = {KI - K{\"{u}}nstliche Intelligenz},
    author = {Furbach, Ulrich and Gl{\"{o}}ckner, Ingo and Helbig, Hermann and Pelzer, Björn},
    number = {1},
    month = {4},
    pages = {51--55},
    volume = {24},
    publisher = {Springer Science and Business Media LLC},
    url = {http://link.springer.com/10.1007/s13218-010-0010-x},
    doi = {10.1007/s13218-010-0010-x},
    issn = {0933-1875}
}

@article{Furbach2010Logic-BasedAnsweringd,
    title = {{Logic-Based Question Answering}},
    year = {2010},
    journal = {KI - K{\"{u}}nstliche Intelligenz},
    author = {Furbach, Ulrich and Gl{\"{o}}ckner, Ingo and Helbig, Hermann and Pelzer, Björn},
    number = {1},
    month = {4},
    pages = {51--55},
    volume = {24},
    publisher = {Springer Science and Business Media LLC},
    url = {http://link.springer.com/10.1007/s13218-010-0010-x},
    doi = {10.1007/s13218-010-0010-x},
    issn = {0933-1875}
}

@article{Christmann2019LookExpansion,
    title = {{Look before you hop: Conversational question answering over knowledge graphs using judicious context expansion}},
    year = {2019},
    journal = {International Conference on Information and Knowledge Management, Proceedings},
    author = {Christmann, Philipp and Roy, Rishiraj Saha and Abujabal, Abdalghani and Singh, Jyotsna and Weikum, Gerhard},
    pages = {729--738},
    isbn = {9781450369763},
    doi = {10.1145/3357384.3358016},
    arxivId = {1910.03262}
}

@article{Christmann2019LookExpansionb,
    title = {{Look before you hop: Conversational question answering over knowledge graphs using judicious context expansion}},
    year = {2019},
    journal = {International Conference on Information and Knowledge Management, Proceedings},
    author = {Christmann, Philipp and Roy, Rishiraj Saha and Abujabal, Abdalghani and Singh, Jyotsna and Weikum, Gerhard},
    number = {October},
    pages = {729--738},
    isbn = {9781450369763},
    doi = {10.1145/3357384.3358016},
    arxivId = {1910.03262}
}

@article{Seena2016MalayalamSystem,
    title = {{Malayalam Question Answering System}},
    year = {2016},
    journal = {Procedia Technology},
    author = {Seena, I.T. and Sini, G.M. and Binu, R.},
    pages = {1388--1392},
    volume = {24},
    publisher = {Elsevier BV},
    doi = {10.1016/j.protcy.2016.05.155},
    issn = {22120173}
}

@article{Seena2016MalayalamSystemb,
    title = {{Malayalam Question Answering System}},
    year = {2016},
    journal = {Procedia Technology},
    author = {Seena, I.T. and Sini, G.M. and Binu, R.},
    pages = {1388--1392},
    volume = {24},
    publisher = {Elsevier BV},
    doi = {10.1016/j.protcy.2016.05.155},
    issn = {22120173}
}

@techreport{AndroutsopoulosMasque/sqlDatabases,
    title = {{Masque/sql{\{} An EEcient and Portable Natural Language Query Interface for Relational Databases}},
    booktitle = {pdfs.semanticscholar.org},
    author = {Androutsopoulos, I and Ritchie, G and Thanisch, P},
    url = {https://pdfs.semanticscholar.org/4eeb/2c5b838bdfe6c5df6b34f106b7f979699484.pdf}
}

@article{Galitsky2017MatchingAnswering,
    title = {{Matching parse thickets for open domain question answering}},
    year = {2017},
    journal = {Data and Knowledge Engineering},
    author = {Galitsky, Boris},
    month = {1},
    pages = {24--50},
    volume = {107},
    publisher = {Elsevier B.V.},
    doi = {10.1016/j.datak.2016.11.002},
    issn = {0169023X},
    keywords = {Discourse analysis, Parse thicket, Parse tree, Question-answering systems, Rhetoric structure}
}

@article{Galitsky2017MatchingAnsweringb,
    title = {{Matching parse thickets for open domain question answering}},
    year = {2017},
    journal = {Data and Knowledge Engineering},
    author = {Galitsky, Boris},
    month = {1},
    pages = {24--50},
    volume = {107},
    publisher = {Elsevier B.V.},
    url = {https://linkinghub.elsevier.com/retrieve/pii/S0169023X16303469},
    doi = {10.1016/j.datak.2016.11.002},
    issn = {0169023X},
    keywords = {Discourse analysis, Parse thicket, Parse tree, Question-answering systems, Rhetoric structure}
}

@article{Galitsky2017MatchingAnsweringc,
    title = {{Matching parse thickets for open domain question answering}},
    year = {2017},
    journal = {Data and Knowledge Engineering},
    author = {Galitsky, Boris},
    month = {1},
    pages = {24--50},
    volume = {107},
    publisher = {Elsevier B.V.},
    url = {https://linkinghub.elsevier.com/retrieve/pii/S0169023X16303469},
    doi = {10.1016/j.datak.2016.11.002},
    issn = {0169023X},
    keywords = {Discourse analysis, Parse thicket, Parse tree, Question-answering systems, Rhetoric structure}
}

@article{BenAbacha2015MEANS:Technologies,
    title = {{MEANS: A medical question-answering system combining NLP techniques and semantic Web technologies}},
    year = {2015},
    journal = {Information Processing and Management},
    author = {Ben Abacha, Asma and Zweigenbaum, Pierre},
    number = {5},
    month = {6},
    pages = {570--594},
    volume = {51},
    publisher = {Elsevier Ltd},
    doi = {10.1016/j.ipm.2015.04.006},
    issn = {03064573},
    keywords = {Medical informatics, Natural language processing, Question answering, Semantic search}
}

@article{AbachaMEANS:Technologies,
    title = {{MEANS: A medical question-answering system combining NLP techniques and semantic Web technologies}},
    journal = {Elsevier},
    author = {Abacha, AB and management, P Zweigenbaum - Information processing & and 2015, undefined},
    url = {https://www.sciencedirect.com/science/article/pii/S0306457315000515}
}

@article{Lin2006MethodsQuestions,
    title = {{Methods for automatically evaluating answers to complex questions}},
    year = {2006},
    journal = {Information Retrieval},
    author = {Lin, Jimmy and Demner-Fushman, Dina},
    number = {5},
    month = {11},
    pages = {565--587},
    volume = {9},
    doi = {10.1007/s10791-006-9003-7},
    issn = {13864564},
    keywords = {Evaluation, Question answering}
}

@article{Lin2006MethodsQuestionsb,
    title = {{Methods for automatically evaluating answers to complex questions}},
    year = {2006},
    journal = {Information Retrieval},
    author = {Lin, Jimmy and Demner-Fushman, Dina},
    number = {5},
    month = {11},
    pages = {565--587},
    volume = {9},
    doi = {10.1007/s10791-006-9003-7},
    issn = {13864564},
    keywords = {Evaluation, Question answering}
}

@article{Lin2006MethodsQuestionsc,
    title = {{Methods for automatically evaluating answers to complex questions}},
    year = {2006},
    journal = {Information Retrieval},
    author = {Lin, Jimmy and Demner-Fushman, Dina},
    number = {5},
    month = {11},
    pages = {565--587},
    volume = {9},
    doi = {10.1007/s10791-006-9003-7},
    issn = {13864564},
    keywords = {Evaluation, Question answering}
}

@inproceedings{Vila2011Model-drivenKnowledge,
    title = {{Model-driven adaptation of question answering systems for ambient intelligence by integrating restricted-domain knowledge}},
    year = {2011},
    booktitle = {Procedia Computer Science},
    author = {Vila, Katia and Maz{\'{o}}n, Jose Norberto and Ferr{\'{a}}ndez, Antonio},
    pages = {1650--1659},
    volume = {4},
    doi = {10.1016/j.procs.2011.04.178},
    issn = {18770509},
    keywords = {Ambient intelligence, Integrating knowledge resources, Model-driven software development, Question answering}
}

@inproceedings{Vila2011Model-drivenKnowledgeb,
    title = {{Model-driven adaptation of question answering systems for ambient intelligence by integrating restricted-domain knowledge}},
    year = {2011},
    booktitle = {Procedia Computer Science},
    author = {Vila, Katia and Maz{\'{o}}n, Jose Norberto and Ferr{\'{a}}ndez, Antonio},
    pages = {1650--1659},
    volume = {4},
    doi = {10.1016/j.procs.2011.04.178},
    issn = {18770509},
    keywords = {Ambient intelligence, Integrating knowledge resources, Model-driven software development, Question answering}
}

@article{Thanisch1995NaturalIntroduction,
    title = {{Natural Language Interfaces to Databases - an Introduction}},
    year = {1995},
    journal = {Natural Language Engineering},
    author = {Thanisch, P.},
    number = {1},
    pages = {29--81},
    volume = {1},
    doi = {10.1017/S135132490000005X},
    issn = {14698110},
    arxivId = {cmp-lg/9503016}
}

@article{Sagara2014NaturalSystem,
    title = {{Natural language neural network and its application to question-answering system}},
    year = {2014},
    journal = {Neurocomputing},
    author = {Sagara, Tsukasa and Hagiwara, Masafumi},
    month = {10},
    pages = {201--208},
    volume = {142},
    publisher = {Elsevier},
    doi = {10.1016/j.neucom.2014.04.048},
    issn = {18728286},
    keywords = {Natural language processing, Neural networks}
}

@article{Sagara2014NaturalSystemb,
    title = {{Natural language neural network and its application to question-answering system}},
    year = {2014},
    journal = {Neurocomputing},
    author = {Sagara, Tsukasa and Hagiwara, Masafumi},
    month = {10},
    pages = {201--208},
    volume = {142},
    publisher = {Elsevier},
    doi = {10.1016/j.neucom.2014.04.048},
    issn = {18728286},
    keywords = {Natural language processing, Neural networks}
}

@techreport{Neves2017NaturalSoSe,
    title = {{Natural Language Processing SoSe}},
    year = {2017},
    author = {Neves, Mariana},
    url = {http://start.csail.mit.edu/}
}

@article{Hirschman2001NaturalHere,
    title = {{Natural language question answering: The view from here}},
    year = {2001},
    journal = {Natural Language Engineering},
    author = {Hirschman, L. and Gaizauskas, R.},
    number = {4},
    pages = {275--300},
    volume = {7},
    doi = {10.1017/S1351324901002807},
    issn = {14698110}
}

@article{Hirschman2001NaturalHereb,
    title = {{Natural language question answering: The view from here}},
    year = {2001},
    journal = {Natural Language Engineering},
    author = {Hirschman, L. and Gaizauskas, R.},
    number = {4},
    pages = {275--300},
    volume = {7},
    doi = {10.1017/S1351324901002807},
    issn = {14698110}
}

@article{Hirschman2001NaturalHerec,
    title = {{Natural language question answering: The view from here}},
    year = {2001},
    journal = {Natural Language Engineering},
    author = {Hirschman, L. and Gaizauskas, R.},
    number = {4},
    pages = {275--300},
    volume = {7},
    doi = {10.1017/S1351324901002807},
    issn = {14698110}
}

@article{Monner2012NeuralQuestions,
    title = {{Neural architectures for learning to answer questions}},
    year = {2012},
    journal = {Biologically Inspired Cognitive Architectures},
    author = {Monner, Derek and Reggia, James A.},
    month = {10},
    pages = {37--53},
    volume = {2},
    doi = {10.1016/j.bica.2012.06.002},
    issn = {2212683X},
    keywords = {Language comprehension, Long short term memory, Question answering, Recurrent neural network, Speech production}
}

@article{Monner2012NeuralQuestionsb,
    title = {{Neural architectures for learning to answer questions}},
    year = {2012},
    journal = {Biologically Inspired Cognitive Architectures},
    author = {Monner, Derek and Reggia, James A.},
    month = {10},
    pages = {37--53},
    volume = {2},
    doi = {10.1016/j.bica.2012.06.002},
    issn = {2212683X},
    keywords = {Language comprehension, Long short term memory, Question answering, Recurrent neural network, Speech production}
}

@article{Monner2012NeuralQuestionsc,
    title = {{Neural architectures for learning to answer questions}},
    year = {2012},
    journal = {Biologically Inspired Cognitive Architectures},
    author = {Monner, Derek and Reggia, James A.},
    month = {10},
    pages = {37--53},
    volume = {2},
    doi = {10.1016/j.bica.2012.06.002},
    issn = {2212683X},
    keywords = {Language comprehension, Long short term memory, Question answering, Recurrent neural network, Speech production}
}

@incollection{Maybury2008NewAnswering,
    title = {{New Directions In Question Answering}},
    year = {2008},
    author = {Maybury, Mark},
    pages = {533--558},
    doi = {10.1007/978-1-4020-4746-6{\_}18},
    issn = {1530-9312}
}

@article{Zhang2008NewSystem,
    title = {{New information distance measure and its application in question answering system}},
    year = {2008},
    journal = {Journal of Computer Science and Technology},
    author = {Zhang, Xian and Hao, Yu and Zhu, Xiao Yan and Li, Ming},
    number = {4},
    month = {7},
    pages = {557--572},
    volume = {23},
    doi = {10.1007/s11390-008-9152-9},
    issn = {10009000},
    keywords = {Information distance, Normalized information distance, Question answering system}
}

@article{Zhang2008NewSystemb,
    title = {{New information distance measure and its application in question answering system}},
    year = {2008},
    journal = {Journal of Computer Science and Technology},
    author = {Zhang, Xian and Hao, Yu and Zhu, Xiao Yan and Li, Ming},
    number = {4},
    month = {7},
    pages = {557--572},
    volume = {23},
    doi = {10.1007/s11390-008-9152-9},
    issn = {10009000},
    keywords = {Information distance, Normalized information distance, Question answering system}
}

@techreport{KatzOmnibase:Answering,
    title = {{Omnibase: Uniform Access to Heterogeneous Data for Question Answering}},
    author = {Katz, Boris and Felshin, Sue and Yuret, Deniz and Ibrahim, Ali and Lin, Jimmy and Marton, Gregory and Mcfarland, Alton Jerome and Temelkuran, Baris},
    url = {http://www.ai.mit.edu/projects/infolab/}
}

@article{Yago2018ON-SMMILE:Environments,
    title = {{ON-SMMILE: Ontology Network-based Student Model for MultIple Learning Environments}},
    year = {2018},
    journal = {Data and Knowledge Engineering},
    author = {Yago, Hector and Clemente, Julia and Rodriguez, Daniel and Fernandez-de-Cordoba, Pedro},
    month = {5},
    pages = {48--67},
    volume = {115},
    publisher = {Elsevier B.V.},
    doi = {10.1016/j.datak.2018.02.002},
    issn = {0169023X},
    keywords = {Learning supervision, Ontological engineering, Ontology network, Semantic web, Student modeling}
}

@article{Sani2012OntologicalModeling,
    title = {{Ontological Learner Modeling}},
    year = {2012},
    journal = {Procedia - Social and Behavioral Sciences},
    author = {Sani, Mohammad Reza Fani and Mohammadian, Nafiseh and Hoseini, Maryam},
    pages = {5238--5243},
    volume = {46},
    publisher = {Elsevier BV},
    doi = {10.1016/j.sbspro.2012.06.416},
    issn = {18770428}
}

@techreport{Nirenburg2004OntologicalSemantics,
    title = {{Ontological Semantics}},
    year = {2004},
    author = {Nirenburg, Sergei and Raskin, Victor},
    url = {https://books.google.com/books?hl=de&lr=&id=OPek3LpMIigC&oi=fnd&pg=PR13&ots=R6E7PxYMWH&sig=dsHLasF88a_piMdYS5UsCMmOVPQ}
}

@article{Ochieng2020PAROT:SPARQL,
    title = {{PAROT: Translating natural language to SPARQL}},
    year = {2020},
    journal = {Expert Systems with Applications: X},
    author = {Ochieng, Peter},
    month = {4},
    volume = {5},
    publisher = {Elsevier Ltd},
    doi = {10.1016/j.eswax.2020.100024},
    issn = {25901885},
    keywords = {Natural language processing, Ontologies, Query, SPARQL}
}

@techreport{SoubbotinPatternsAnswers,
    title = {{Patterns of Potential Answer Expressions as Clues to the Right Answers}},
    booktitle = {Citeseer},
    author = {Soubbotin, M M},
    url = {https://citeseerx.ist.psu.edu/viewdoc/download?doi=10.1.1.75.3273&rep=rep1&type=pdf}
}

@article{Moldovan2003PerformanceSystem,
    title = {{Performance issues and error analysis in an open-domain question answering system}},
    year = {2003},
    journal = {ACM Transactions on Information Systems},
    author = {Moldovan, Dan and Pa{\c{s}}ca, Marius and Harabagiu, Sanda and Surdeanu, Mihai},
    number = {2},
    month = {4},
    pages = {133--154},
    volume = {21},
    doi = {10.1145/763693.763694},
    issn = {10468188},
    keywords = {Natural language applications, Performance analysis, Question answering, Text retrieval}
}

@article{Moldovan2003PerformanceSystemb,
    title = {{Performance issues and error analysis in an open-domain question answering system}},
    year = {2003},
    journal = {ACM Transactions on Information Systems},
    author = {Moldovan, Dan and Pa{\c{s}}ca, Marius and Harabagiu, Sanda and Surdeanu, Mihai},
    number = {2},
    month = {4},
    pages = {133--154},
    volume = {21},
    doi = {10.1145/763693.763694},
    issn = {10468188},
    keywords = {Natural language applications, Performance analysis, Question answering, Text retrieval}
}

@article{Moldovan2003PerformanceSystemc,
    title = {{Performance issues and error analysis in an open-domain question answering system}},
    year = {2003},
    journal = {ACM Transactions on Information Systems},
    author = {Moldovan, Dan and Pa{\c{s}}ca, Marius and Harabagiu, Sanda and Surdeanu, Mihai},
    number = {2},
    month = {4},
    pages = {133--154},
    volume = {21},
    doi = {10.1145/763693.763694},
    issn = {10468188},
    keywords = {Natural language applications, Performance analysis, Question answering, Text retrieval}
}

@inproceedings{Al-Nazer2015PersonalizingQuestions,
    title = {{Personalizing health and food advices by semantic enrichment of multilingual cross-domain questions}},
    year = {2015},
    booktitle = {2015 IEEE 8th GCC Conference and Exhibition, GCCCE 2015},
    author = {Al-Nazer, Ahmed and Helmy, Tarek},
    month = {3},
    publisher = {Institute of Electrical and Electronics Engineers Inc.},
    isbn = {9781479984220},
    doi = {10.1109/IEEEGCC.2015.7060095},
    keywords = {food and nutrition, ontology, personalization, query manipulation, semantic Web}
}

@article{Molino2015PlayingTechniques,
    title = {{Playing with knowledge: A virtual player for "who Wants to Be a Millionaire?" that leverages question answering techniques}},
    year = {2015},
    journal = {Artificial Intelligence},
    author = {Molino, Piero and Lops, Pasquale and Semeraro, Giovanni and De Gemmis, Marco and Basile, Pierpaolo},
    pages = {157--181},
    volume = {222},
    publisher = {Elsevier},
    doi = {10.1016/j.artint.2015.02.003},
    issn = {00043702},
    keywords = {Artificial intelligence, Decision making, Language game, Natural language processing, Question answering}
}

@article{Molino2015PlayingTechniquesb,
    title = {{Playing with knowledge: A virtual player for "who Wants to Be a Millionaire?" that leverages question answering techniques}},
    year = {2015},
    journal = {Artificial Intelligence},
    author = {Molino, Piero and Lops, Pasquale and Semeraro, Giovanni and De Gemmis, Marco and Basile, Pierpaolo},
    pages = {157--181},
    volume = {222},
    publisher = {Elsevier},
    doi = {10.1016/j.artint.2015.02.003},
    issn = {00043702},
    keywords = {Artificial intelligence, Decision making, Language game, Natural language processing, Question answering}
}

@article{Molino2015PlayingTechniquesc,
    title = {{Playing with knowledge: A virtual player for "who Wants to Be a Millionaire?" that leverages question answering techniques}},
    year = {2015},
    journal = {Artificial Intelligence},
    author = {Molino, Piero and Lops, Pasquale and Semeraro, Giovanni and De Gemmis, Marco and Basile, Pierpaolo},
    pages = {157--181},
    volume = {222},
    publisher = {Elsevier},
    doi = {10.1016/j.artint.2015.02.003},
    issn = {00043702},
    keywords = {Artificial intelligence, Decision making, Language game, Natural language processing, Question answering}
}

@inproceedings{Beg2007PNL-enhancedSystem,
    title = {{PNL-enhanced restricted domain question answering system}},
    year = {2007},
    booktitle = {IEEE International Conference on Fuzzy Systems},
    author = {Beg, M. M.Sufyan and Thint, Marcus and Qin, Zengchang},
    isbn = {1424412102},
    doi = {10.1109/FUZZY.2007.4295551},
    issn = {10987584}
}

@techreport{UserPNL-enhancedSystem,
    title = {{PNL-enhanced restricted domain question answering system}},
    booktitle = {ieeexplore.ieee.org},
    author = {{User}},
    url = {https://ieeexplore.ieee.org/abstract/document/4295551/}
}

@article{Wong2007PracticalReasoning,
    title = {{Practical Approach to Knowledge-based Question Answering with Natural Language Understanding and Advanced Reasoning}},
    year = {2007},
    author = {Wong, Wilson},
    month = {7},
    url = {http://arxiv.org/abs/0707.3559},
    arxivId = {0707.3559}
}

@article{Bhattacharyya2013PrioritizationAnalysis,
    title = {{Prioritization of Clusters for Post-genomic Analysis}},
    year = {2013},
    journal = {Procedia Technology},
    author = {Bhattacharyya, Malay and Bandyopadhyay, Sanghamitra},
    pages = {3--12},
    volume = {10},
    publisher = {Elsevier BV},
    doi = {10.1016/j.protcy.2013.12.330},
    issn = {22120173}
}

@article{Radev2005ProbabilisticWeb,
    title = {{Probabilistic question answering on the Web}},
    year = {2005},
    journal = {Journal of the American Society for Information Science and Technology},
    author = {Radev, Dragomir and Fan, Weiguo and Qi, Hong and Wu, Harris and Grewal, Amardeep},
    number = {6},
    month = {4},
    pages = {571--583},
    volume = {56},
    doi = {10.1002/asi.20146},
    issn = {15322882}
}

@article{Radev2005ProbabilisticWebb,
    title = {{Probabilistic question answering on the Web}},
    year = {2005},
    journal = {Journal of the American Society for Information Science and Technology},
    author = {Radev, Dragomir and Fan, Weiguo and Qi, Hong and Wu, Harris and Grewal, Amardeep},
    number = {6},
    month = {4},
    pages = {571--583},
    volume = {56},
    doi = {10.1002/asi.20146},
    issn = {15322882}
}

@inproceedings{Amarouche2015ProductIntelligence,
    title = {{Product Opinion Mining for Competitive Intelligence}},
    year = {2015},
    booktitle = {Procedia Computer Science},
    author = {Amarouche, Kamal and Benbrahim, Houda and Kassou, Ismail},
    pages = {358--365},
    volume = {73},
    publisher = {Elsevier B.V.},
    doi = {10.1016/j.procs.2015.12.004},
    issn = {18770509},
    keywords = {Competitive Intelligence, Machine Learning, Natural Langage Processing, Opinion Classification, Opinion Mining}
}

@inproceedings{Woods1973ProgressUnderstanding,
    title = {{Progress in natural language understanding}},
    year = {1973},
    booktitle = {Proceedings of the June 4-8, 1973, national computer conference and exposition on - AFIPS '73},
    author = {Woods, W. A.},
    pages = {441},
    publisher = {Association for Computing Machinery (ACM)},
    url = {http://portal.acm.org/citation.cfm?doid=1499586.1499695},
    address = {New York, New York, USA},
    doi = {10.1145/1499586.1499695}
}

@article{4-8ProgressGeology,
    title = {{Progress in natural language understanding: an application to lunar geology}},
    journal = {dl.acm.org},
    author = {4-8, WA Woods - Proceedings of the June and 1973, undefined and computer, national and 1973, undefined},
    url = {https://dl.acm.org/doi/abs/10.1145/1499586.1499695?casa_token=2a5g8WVT82gAAAAA:dFASLBON8vB29YXZl1SdZg6vO4sDRvrlh4YKJWI2-6hd3mC1YpQf9hvss0nG9zO2Hy3uasBM5GpFGA}
}

@article{Abdi2018QAPD:Domain,
    title = {{QAPD: An ontology-based question answering system in the physics domain}},
    year = {2018},
    journal = {Soft Computing},
    author = {Abdi, Asad and Idris, Norisma and Ahmad, Zahrah},
    number = {1},
    pages = {213--230},
    volume = {22},
    publisher = {Springer Verlag},
    doi = {10.1007/s00500-016-2328-2},
    issn = {14337479},
    keywords = {Information retrieval, Natural language interface, Ontology modeling, Question answering}
}

@article{Abdi2018QAPD:Domainb,
    title = {{QAPD: An ontology-based question answering system in the physics domain}},
    year = {2018},
    journal = {Soft Computing},
    author = {Abdi, Asad and Idris, Norisma and Ahmad, Zahrah},
    number = {1},
    month = {9},
    pages = {213--230},
    volume = {22},
    publisher = {Springer Verlag},
    doi = {10.1007/s00500-016-2328-2},
    issn = {14337479},
    keywords = {Information retrieval, Natural language interface, Ontology modeling, Question answering}
}

@inproceedings{Hammo2002QARAB,
    title = {{QARAB}},
    year = {2002},
    author = {Hammo, Bassam and Abu-Salem, Hani and Lytinen, Steven},
    pages = {1--11},
    publisher = {Association for Computational Linguistics (ACL)},
    doi = {10.3115/1118637.1118644}
}

@inproceedings{Hammo2002QARABb,
    title = {{QARAB}},
    year = {2002},
    author = {Hammo, Bassam and Abu-Salem, Hani and Lytinen, Steven},
    pages = {1--11},
    publisher = {Association for Computational Linguistics (ACL)},
    doi = {10.3115/1118637.1118644}
}

@inproceedings{Hammo2002QARABc,
    title = {{QARAB}},
    year = {2002},
    author = {Hammo, Bassam and Abu-Salem, Hani and Lytinen, Steven},
    pages = {1--11},
    publisher = {Association for Computational Linguistics (ACL)},
    doi = {10.3115/1118637.1118644}
}

@article{Se2010QLDOn,
    title = {{QLD Health Library International Journal of Drug Policy Racial differences in acquisition of syringes from pharmacies under This article has been copied b {\textbackslash} conditions of legal but restricted sales QId Health Central Library on}},
    year = {2010},
    author = {Se, E I and Elizabeth, C and Zuleb, William A and Curtis, C},
    number = {2742},
    pages = {29--32},
    doi = {10.1016/j.d},
    keywords = {injecting drug users}
}

@article{Se2010QLDOnb,
    title = {{QLD Health Library International Journal of Drug Policy Racial differences in acquisition of syringes from pharmacies under This article has been copied b {\textbackslash} conditions of legal but restricted sales QId Health Central Library on}},
    year = {2010},
    author = {Se, E I and Elizabeth, C and Zuleb, William A and Curtis, C},
    number = {2742},
    pages = {29--32},
    doi = {10.1016/j.d},
    keywords = {injecting drug users}
}

@inproceedings{Kuchmann-Beauger2013QUASL:Intelligence,
    title = {{QUASL: A framework for question answering and its Application to business intelligence}},
    year = {2013},
    booktitle = {Proceedings - International Conference on Research Challenges in Information Science},
    author = {Kuchmann-Beauger, Nicolas and Brauer, Falk and Aufaure, Marie Aude},
    isbn = {9781467329125},
    doi = {10.1109/RCIS.2013.6577686},
    issn = {21511349}
}

@inproceedings{Kuchmann-Beauger2013QUASL:Intelligenceb,
    title = {{QUASL: A framework for question answering and its Application to business intelligence}},
    year = {2013},
    booktitle = {Proceedings - International Conference on Research Challenges in Information Science},
    author = {Kuchmann-Beauger, Nicolas and Brauer, Falk and Aufaure, Marie Aude},
    isbn = {9781467329125},
    doi = {10.1109/RCIS.2013.6577686},
    issn = {21511349}
}

@inproceedings{Kuchmann-Beauger2013QUASL:Intelligencec,
    title = {{QUASL: A framework for question answering and its Application to business intelligence}},
    year = {2013},
    booktitle = {Proceedings - International Conference on Research Challenges in Information Science},
    author = {Kuchmann-Beauger, Nicolas and Brauer, Falk and Aufaure, Marie Aude},
    isbn = {9781467329125},
    doi = {10.1109/RCIS.2013.6577686},
    issn = {21511349}
}

@article{Badia2007QuestionQuantification,
    title = {{Question answering and database querying: Bridging the gap with generalized quantification}},
    year = {2007},
    journal = {Journal of Applied Logic},
    author = {Badia, Antonio},
    number = {1},
    month = {3},
    pages = {3--19},
    volume = {5},
    doi = {10.1016/j.jal.2005.12.007},
    issn = {15708683},
    keywords = {Formal linguistics, Generalized quantifier, Query language, Question answering}
}

@article{LogicQuestionQuantification,
    title = {{Question answering and database querying: Bridging the gap with generalized quantification}},
    journal = {Elsevier},
    author = {Logic, A Badia - Journal of Applied and 2007, undefined},
    url = {https://www.sciencedirect.com/science/article/pii/S1570868305000893}
}

@article{Guo2009QuestionWeb,
    title = {{Question answering based on pervasive agent ontology and Semantic Web}},
    year = {2009},
    journal = {Knowledge-Based Systems},
    author = {Guo, Qinglin and Zhang, Ming},
    number = {6},
    month = {8},
    pages = {443--448},
    volume = {22},
    doi = {10.1016/j.knosys.2009.06.003},
    issn = {09507051},
    keywords = {Pervasive agent ontology, Question answering, Semantic Web, WWW}
}

@article{Guo2009QuestionWebb,
    title = {{Question answering based on pervasive agent ontology and Semantic Web}},
    year = {2009},
    journal = {Knowledge-Based Systems},
    author = {Guo, Qinglin and Zhang, Ming},
    number = {6},
    month = {8},
    pages = {443--448},
    volume = {22},
    doi = {10.1016/j.knosys.2009.06.003},
    issn = {09507051},
    keywords = {Pervasive agent ontology, Question answering, Semantic Web, WWW}
}

@article{Guo2009QuestionWebc,
    title = {{Question answering based on pervasive agent ontology and Semantic Web}},
    year = {2009},
    journal = {Knowledge-Based Systems},
    author = {Guo, Qinglin and Zhang, Ming},
    number = {6},
    month = {8},
    pages = {443--448},
    volume = {22},
    doi = {10.1016/j.knosys.2009.06.003},
    issn = {09507051},
    keywords = {Pervasive agent ontology, Question answering, Semantic Web, WWW}
}

@article{Neves2015QuestionBiology,
    title = {{Question answering for Biology}},
    year = {2015},
    journal = {Methods},
    author = {Neves, Mariana and Leser, Ulf},
    month = {3},
    pages = {36--46},
    volume = {74},
    publisher = {Academic Press Inc.},
    doi = {10.1016/j.ymeth.2014.10.023},
    issn = {10959130},
    keywords = {Biomedicine, Data integration, Natural language processing, Question answering}
}

@article{Neves2015QuestionBiologyb,
    title = {{Question answering for Biology}},
    year = {2015},
    journal = {Methods},
    author = {Neves, Mariana and Leser, Ulf},
    month = {3},
    pages = {36--46},
    volume = {74},
    publisher = {Academic Press Inc.},
    doi = {10.1016/j.ymeth.2014.10.023},
    issn = {10959130},
    keywords = {Biomedicine, Data integration, Natural language processing, Question answering}
}

@article{Burke1997QuestionSystem,
    title = {{Question Answering from Frequently Asked Question Files: Experiences with the FAQ FINDER System}},
    year = {1997},
    journal = {AI Magazine},
    author = {Burke, Robin D. and Hammond, Kristian J. and Kulyukin, Vladimir and Lytinen, Steven L. and Tomuro, Noriko and Schoenberg, Scott},
    number = {2},
    month = {6},
    pages = {57--57},
    volume = {18},
    doi = {10.1609/AIMAG.V18I2.1294},
    issn = {2371-9621}
}

@article{Frank2007QuestionSources,
    title = {{Question answering from structured knowledge sources}},
    year = {2007},
    journal = {Journal of Applied Logic},
    author = {Frank, Anette and Krieger, Hans Ulrich and Xu, Feiyu and Uszkoreit, Hans and Crysmann, Berthold and J{\"{o}}rg, Brigitte and Sch{\"{a}}fer, Ulrich},
    number = {1},
    month = {3},
    pages = {20--48},
    volume = {5},
    doi = {10.1016/j.jal.2005.12.006},
    issn = {15708683},
    keywords = {Data base queries, Hybrid NLP, Multilinguality, Ontology modeling, QA, Question semantics, RMRS}
}

@article{Frank2007QuestionSourcesb,
    title = {{Question answering from structured knowledge sources}},
    year = {2007},
    journal = {Journal of Applied Logic},
    author = {Frank, Anette and Krieger, Hans Ulrich and Xu, Feiyu and Uszkoreit, Hans and Crysmann, Berthold and J{\"{o}}rg, Brigitte and Sch{\"{a}}fer, Ulrich},
    number = {1},
    month = {3},
    pages = {20--48},
    volume = {5},
    publisher = {Elsevier},
    doi = {10.1016/j.jal.2005.12.006},
    issn = {15708683},
    keywords = {Data base queries, Hybrid NLP, Multilinguality, Ontology modeling, QA, Question semantics, RMRS}
}

@inproceedings{Lin2003QuestionTechniques,
    title = {{Question answering from the web using knowledge annotation and knowledge mining techniques}},
    year = {2003},
    booktitle = {Proceedings of the twelfth international conference on Information and knowledge management  - CIKM '03},
    author = {Lin, Jimmy and Katz, Boris},
    pages = {116},
    publisher = {ACM Press},
    url = {http://portal.acm.org/citation.cfm?doid=956863.956886},
    address = {New York, New York, USA},
    isbn = {1581137230},
    doi = {10.1145/956863.956886}
}

@inproceedings{Lin2003QuestionTechniquesb,
    title = {{Question answering from the web using knowledge annotation and knowledge mining techniques}},
    year = {2003},
    booktitle = {Proceedings of the twelfth international conference on Information and knowledge management  - CIKM '03},
    author = {Lin, Jimmy and Katz, Boris},
    pages = {116},
    publisher = {ACM Press},
    url = {http://portal.acm.org/citation.cfm?doid=956863.956886},
    address = {New York, New York, USA},
    isbn = {1581137230},
    doi = {10.1145/956863.956886}
}

@inproceedings{Lin2003QuestionTechniquesc,
    title = {{Question answering from the web using knowledge annotation and knowledge mining techniques}},
    year = {2003},
    booktitle = {Proceedings of the twelfth international conference on Information and knowledge management  - CIKM '03},
    author = {Lin, Jimmy and Katz, Boris},
    pages = {116},
    publisher = {ACM Press},
    url = {http://portal.acm.org/citation.cfm?doid=956863.956886},
    address = {New York, New York, USA},
    isbn = {1581137230},
    doi = {10.1145/956863.956886}
}

@techreport{HovyQuestionWebclopedia,
    title = {{Question Answering in Webclopedia}},
    author = {Hovy, Eduard and Gerber, Laurie and Hermjakob, Ulf and Junk, Michael and Lin, Chin-Yew}
}

@inproceedings{Lende2016QuestionTechniques,
    title = {{Question answering system on education acts using NLP techniques}},
    year = {2016},
    booktitle = {IEEE WCTFTR 2016 - Proceedings of 2016 World Conference on Futuristic Trends in Research and Innovation for Social Welfare},
    author = {Lende, Sweta P. and Raghuwanshi, M. M.},
    month = {10},
    publisher = {Institute of Electrical and Electronics Engineers Inc.},
    isbn = {9781467392143},
    doi = {10.1109/STARTUP.2016.7583963},
    keywords = {Education Acts, Information Retrieval, NLP, Question Answering}
}

@inproceedings{Lende2016QuestionTechniquesb,
    title = {{Question answering system on education acts using NLP techniques}},
    year = {2016},
    booktitle = {IEEE WCTFTR 2016 - Proceedings of 2016 World Conference on Futuristic Trends in Research and Innovation for Social Welfare},
    author = {Lende, Sweta P. and Raghuwanshi, M. M.},
    month = {10},
    publisher = {Institute of Electrical and Electronics Engineers Inc.},
    isbn = {9781467392143},
    doi = {10.1109/STARTUP.2016.7583963},
    keywords = {Education Acts, Information Retrieval, NLP, Question Answering}
}

@inproceedings{Lende2016QuestionTechniquesc,
    title = {{Question answering system on education acts using NLP techniques}},
    year = {2016},
    booktitle = {IEEE WCTFTR 2016 - Proceedings of 2016 World Conference on Futuristic Trends in Research and Innovation for Social Welfare},
    author = {Lende, Sweta P. and Raghuwanshi, M. M.},
    month = {10},
    publisher = {Institute of Electrical and Electronics Engineers Inc.},
    isbn = {9781467392143},
    doi = {10.1109/STARTUP.2016.7583963},
    keywords = {Education Acts, Information Retrieval, NLP, Question Answering}
}

@inproceedings{Elnozahy2019QuestionRetention,
    title = {{Question Answering System to Support University Students' Orientation, Recruitment and Retention}},
    year = {2019},
    booktitle = {Procedia Computer Science},
    author = {Elnozahy, Walaa A. and El Khayat, Ghada A. and Cheniti-Belcadhi, Lilia and Said, Bilal},
    pages = {56--63},
    volume = {164},
    publisher = {Elsevier B.V.},
    doi = {10.1016/j.procs.2019.12.154},
    issn = {18770509},
    keywords = {Decision Support, Knowledge Extraction, Linked data, Ontology, Open Education Data, Question Answering, Student recruitment, University Admission}
}

@article{Komiya2013QuestionEvaluation,
    title = {{Question answering system using Q {\&} A site corpus Query expansion and answer candidate evaluation}},
    year = {2013},
    journal = {SpringerPlus},
    author = {Komiya, Kanako and Abe, Yuji and Morita, Hajime and Kotani, Yoshiyuki},
    number = {1},
    month = {12},
    volume = {2},
    publisher = {Springer Nature},
    doi = {10.1186/2193-1801-2-396},
    issn = {2193-1801}
}

@article{Komiya2013QuestionEvaluationb,
    title = {{Question answering system using Q {\&} A site corpus Query expansion and answer candidate evaluation}},
    year = {2013},
    journal = {SpringerPlus},
    author = {Komiya, Kanako and Abe, Yuji and Morita, Hajime and Kotani, Yoshiyuki},
    number = {1},
    month = {12},
    volume = {2},
    publisher = {Springer Nature},
    doi = {10.1186/2193-1801-2-396},
    issn = {2193-1801}
}

@article{Komiya2013QuestionEvaluationc,
    title = {{Question answering system using Q {\&} A site corpus Query expansion and answer candidate evaluation}},
    year = {2013},
    journal = {SpringerPlus},
    author = {Komiya, Kanako and Abe, Yuji and Morita, Hajime and Kotani, Yoshiyuki},
    number = {1},
    month = {12},
    volume = {2},
    publisher = {Springer Nature},
    doi = {10.1186/2193-1801-2-396},
    issn = {2193-1801}
}

@inproceedings{Bhoir2014QuestionApproach,
    title = {{Question answering system: A heuristic approach}},
    year = {2014},
    booktitle = {5th International Conference on the Applications of Digital Information and Web Technologies, ICADIWT 2014},
    author = {Bhoir, Varsha and Potey, M. A.},
    pages = {165--170},
    publisher = {IEEE Computer Society},
    doi = {10.1109/ICADIWT.2014.6814704},
    keywords = {crawler, information extraction, information retrieval, natural language, question answering, seed url, token}
}

@article{BhoirQuestionApproach,
    title = {{Question answering system: A heuristic approach}},
    journal = {ieeexplore.ieee.org},
    author = {Bhoir, V and the, MA Potey - The Fifth International Conference on and 2014, undefined},
    url = {https://ieeexplore.ieee.org/abstract/document/6814704/}
}

@article{Arroyo2019QuestionSystems,
    title = {{Question Answering Systems}},
    year = {2019},
    author = {Arroyo, Jaime and Lj, Morales},
    number = {July},
    pages = {1--15}
}

@inproceedings{Bouziane2015QuestionTrends,
    title = {{Question Answering Systems: Survey and Trends}},
    year = {2015},
    booktitle = {Procedia Computer Science},
    author = {Bouziane, Abdelghani and Bouchiha, Djelloul and Doumi, Noureddine and Malki, Mimoun},
    pages = {366--375},
    volume = {73},
    publisher = {Elsevier B.V.},
    doi = {10.1016/j.procs.2015.12.005},
    issn = {18770509},
    keywords = {Information Retrieval, Natural Language Processing (NLP), Question Answering System (QAS), SPARQL, Semantic Web}
}

@inproceedings{Bouziane2015QuestionTrendsb,
    title = {{Question Answering Systems: Survey and Trends}},
    year = {2015},
    booktitle = {Procedia Computer Science},
    author = {Bouziane, Abdelghani and Bouchiha, Djelloul and Doumi, Noureddine and Malki, Mimoun},
    pages = {366--375},
    volume = {73},
    publisher = {Elsevier B.V.},
    doi = {10.1016/j.procs.2015.12.005},
    issn = {18770509},
    keywords = {Information Retrieval, Natural Language Processing (NLP), Question Answering System (QAS), SPARQL, Semantic Web}
}

@inproceedings{Perera2013QuestionAcquisition,
    title = {{Question answering through unsupervised knowledge acquisition}},
    year = {2013},
    author = {Perera, Rivindu and Perera, Udayangi},
    month = {2},
    pages = {204--208},
    publisher = {Institute of Electrical and Electronics Engineers (IEEE)},
    doi = {10.1109/icter.2012.6421416}
}

@inproceedings{Perera2013QuestionAcquisitionb,
    title = {{Question answering through unsupervised knowledge acquisition}},
    year = {2013},
    author = {Perera, Rivindu and Perera, Udayangi},
    month = {2},
    pages = {204--208},
    publisher = {Institute of Electrical and Electronics Engineers (IEEE)},
    doi = {10.1109/icter.2012.6421416}
}

@inproceedings{Beale2004QuestionSemantics,
    title = {{Question answering using ontological semantics}},
    year = {2004},
    author = {Beale, Stephen and Lavoie, Benoit and McShane, Marjorie and Nirenburg, Sergei and Korelsky, Tanya},
    pages = {41--48},
    publisher = {Association for Computational Linguistics (ACL)},
    doi = {10.3115/1628275.1628281}
}

@article{Heie2012QuestionModelling,
    title = {{Question answering using statistical language modelling}},
    year = {2012},
    journal = {Computer Speech and Language},
    author = {Heie, Matthias H. and Whittaker, Edward W.D. and Furui, Sadaoki},
    number = {3},
    month = {6},
    pages = {193--209},
    volume = {26},
    doi = {10.1016/j.csl.2011.11.001},
    issn = {08852308},
    keywords = {Language modelling, Question answering}
}

@article{Heie2012QuestionModellingb,
    title = {{Question answering using statistical language modelling}},
    year = {2012},
    journal = {Computer Speech and Language},
    author = {Heie, Matthias H. and Whittaker, Edward W.D. and Furui, Sadaoki},
    number = {3},
    month = {6},
    pages = {193--209},
    volume = {26},
    doi = {10.1016/j.csl.2011.11.001},
    issn = {08852308},
    keywords = {Language modelling, Question answering}
}

@article{Heie2012QuestionModellingc,
    title = {{Question answering using statistical language modelling}},
    year = {2012},
    journal = {Computer Speech and Language},
    author = {Heie, Matthias H. and Whittaker, Edward W.D. and Furui, Sadaoki},
    number = {3},
    month = {6},
    pages = {193--209},
    volume = {26},
    doi = {10.1016/j.csl.2011.11.001},
    issn = {08852308},
    keywords = {Language modelling, Question answering}
}

@article{Pavlic2015QuestionKnowledge,
    title = {{Question answering with a conceptual framework for knowledge-based system development "node of Knowledge"}},
    year = {2015},
    journal = {Expert Systems with Applications},
    author = {Pavli{\'{c}}, Mile and Dovedan Han, Zdravko and Jakupovi{\'{c}}, Alen},
    number = {12},
    month = {7},
    pages = {5264--5286},
    volume = {42},
    publisher = {Elsevier Ltd},
    doi = {10.1016/j.eswa.2015.02.024},
    issn = {09574174},
    keywords = {Algorithms, Conceptual framework, Knowledge formalization, Knowledge-based system, Question answering}
}

@article{Pavlic2015QuestionKnowledgeb,
    title = {{Question answering with a conceptual framework for knowledge-based system development "node of Knowledge"}},
    year = {2015},
    journal = {Expert Systems with Applications},
    author = {Pavli{\'{c}}, Mile and Dovedan Han, Zdravko and Jakupovi{\'{c}}, Alen},
    number = {12},
    month = {7},
    pages = {5264--5286},
    volume = {42},
    publisher = {Elsevier Ltd},
    doi = {10.1016/j.eswa.2015.02.024},
    issn = {09574174},
    keywords = {Algorithms, Conceptual framework, Knowledge formalization, Knowledge-based system, Question answering}
}

@article{Mohasseb2018QuestionApproach,
    title = {{Question categorization and classification using grammar based approach}},
    year = {2018},
    journal = {Information Processing and Management},
    author = {Mohasseb, Alaa and Bader-El-Den, Mohamed and Cocea, Mihaela},
    number = {6},
    month = {11},
    pages = {1228--1243},
    volume = {54},
    publisher = {Elsevier Ltd},
    doi = {10.1016/j.ipm.2018.05.001},
    issn = {03064573},
    keywords = {Machine learning, Natural language processing (NLP), Question classification, Text classification, Text mining}
}

@article{Lin2007Question-answeringStatistics,
    title = {{Question-answering system based on concepts and statistics}},
    year = {2007},
    journal = {Frontiers of Electrical and Electronic Engineering in China},
    author = {Lin, Hongfei and Yang, Zhihao and Zhao, Jing},
    number = {1},
    month = {3},
    pages = {23--28},
    volume = {2},
    doi = {10.1007/s11460-007-0004-0},
    issn = {16733460},
    keywords = {Concept expansion, Latent semantic analysis, Passage match, Qestion-answering system, Similarity of sentence}
}

@article{Lin2007Question-answeringStatisticsb,
    title = {{Question-answering system based on concepts and statistics}},
    year = {2007},
    journal = {Frontiers of Electrical and Electronic Engineering in China},
    author = {Lin, Hongfei and Yang, Zhihao and Zhao, Jing},
    number = {1},
    month = {3},
    pages = {23--28},
    volume = {2},
    doi = {10.1007/s11460-007-0004-0},
    issn = {16733460},
    keywords = {Concept expansion, Latent semantic analysis, Passage match, Qestion-answering system, Similarity of sentence}
}

@article{Lin2007Question-answeringStatisticsc,
    title = {{Question-answering system based on concepts and statistics}},
    year = {2007},
    journal = {Frontiers of Electrical and Electronic Engineering in China},
    author = {Lin, Hongfei and Yang, Zhihao and Zhao, Jing},
    number = {1},
    month = {3},
    pages = {23--28},
    volume = {2},
    doi = {10.1007/s11460-007-0004-0},
    issn = {16733460},
    keywords = {Concept expansion, Latent semantic analysis, Passage match, Qestion-answering system, Similarity of sentence}
}

@inproceedings{Mohamed2015Real-timeNetworks,
    title = {{Real-time Detection of Vehicles Using the Haar-like Features and Artificial Neuron Networks}},
    year = {2015},
    booktitle = {Procedia Computer Science},
    author = {Mohamed, Atibi and Issam, Atouf and Mohamed, Boussaa and Abdellatif, Bennis},
    pages = {24--31},
    volume = {73},
    publisher = {Elsevier B.V.},
    doi = {10.1016/j.procs.2015.12.044},
    issn = {18770509},
    keywords = {artificial neuron networks, haar like features, the integral image, vehicle detection}
}

@article{Atkinson2017Redundancy-basedSystems,
    title = {{Redundancy-based trust in question-answering systems}},
    year = {2017},
    journal = {Computer},
    author = {Atkinson, John and Maurelia, Alvaro},
    number = {1},
    month = {1},
    pages = {58--65},
    volume = {50},
    publisher = {IEEE Computer Society},
    doi = {10.1109/MC.2017.18},
    issn = {00189162}
}

@techreport{AtkinsonRedundancy-BasedSystems,
    title = {{Redundancy-Based Trust in Question-Answering Systems}},
    booktitle = {ieeexplore.ieee.org},
    author = {Atkinson, John and Maurelia, Alvaro},
    url = {https://ieeexplore.ieee.org/abstract/document/7807184/}
}

@article{Dwivedi2013ResearchSystem,
    title = {{Research and Reviews in Question Answering System}},
    year = {2013},
    journal = {Procedia Technology},
    author = {Dwivedi, Sanjay K. and Singh, Vaishali},
    pages = {417--424},
    volume = {10},
    publisher = {Elsevier BV},
    doi = {10.1016/j.protcy.2013.12.378},
    issn = {22120173}
}

@article{Dwivedi2013ResearchSystemb,
    title = {{Research and Reviews in Question Answering System}},
    year = {2013},
    journal = {Procedia Technology},
    author = {Dwivedi, Sanjay K. and Singh, Vaishali},
    pages = {417--424},
    volume = {10},
    publisher = {Elsevier BV},
    doi = {10.1016/j.protcy.2013.12.378},
    issn = {22120173}
}

@article{DwivediResearchSystem,
    title = {{Research and reviews in question answering system}},
    journal = {Elsevier},
    author = {Dwivedi, SK and Technology, V Singh - Procedia and 2013, undefined},
    url = {https://www.sciencedirect.com/science/article/pii/S2212017313005409}
}

@inproceedings{Kwok2001ScalingWeb,
    title = {{Scaling question answering to the web}},
    year = {2001},
    booktitle = {Proceedings of the 10th International Conference on World Wide Web, WWW 2001},
    author = {Kwok, Cody C.T. and Etzioni, Oren and Weld, Daniel S.},
    month = {4},
    pages = {150--161},
    publisher = {Association for Computing Machinery, Inc},
    isbn = {1581133480},
    doi = {10.1145/371920.371973}
}

@inproceedings{Konrath2012SchemEXData,
    title = {{SchemEX - Efficient construction of a data catalogue by stream-based indexing of linked data}},
    year = {2012},
    booktitle = {Journal of Web Semantics},
    author = {Konrath, Mathias and Gottron, Thomas and Staab, Steffen and Scherp, Ansgar},
    month = {11},
    pages = {52--58},
    volume = {16},
    doi = {10.1016/j.websem.2012.06.002},
    issn = {15708268},
    keywords = {Billion Triples Challenge, Indexing, Linked Open Data, SchemEX, Schema, Stream processing}
}

@article{Bakari2016ScienceDirectInternational,
    title = {{ScienceDirect AQA-WebCorp: Web-based Factual Questions for Arabic-review under responsibility of KES International}},
    year = {2016},
    journal = {Procedia Computer Science},
    author = {Bakari, Wided and Bellot, Patrice and Neji, Mahmoud},
    pages = {275--284},
    volume = {96},
    url = {www.sciencedirect.com},
    doi = {10.1016/j.procs.2016.08.140},
    keywords = {Arabic, Corpus, Corpus construction., Google, Passage, Question analysis}
}

@inproceedings{Dogra2018SegmentationTechnique,
    title = {{Segmentation of MR Images using Hybrid kMean-Graph Cut Technique}},
    year = {2018},
    booktitle = {Procedia Computer Science},
    author = {Dogra, Jyotsna and Jain, Shruti and Sood, Meenakshi},
    pages = {775--784},
    volume = {132},
    publisher = {Elsevier B.V.},
    doi = {10.1016/j.procs.2018.05.089},
    issn = {18770509},
    keywords = {Fuzzy C-Mean Clustering, Graph-Cut, Region Growing, Segmentation, Split, k-mean clustering, merge}
}

@article{Li2002SemanticSystem,
    title = {{Semantic computation in a Chinese question-answering system}},
    year = {2002},
    journal = {Journal of Computer Science and Technology},
    author = {Li, Sujian and Zhang, Jian and Huang, Xiong and Bai, Shuo and Liu, Qun},
    number = {6},
    pages = {933--939},
    volume = {17},
    publisher = {Allerton Press Inc.},
    doi = {10.1007/BF02960786},
    issn = {10009000},
    keywords = {Hownet, Natural language processing, Question-answering, Relevancy, Similarity}
}

@article{Li2002SemanticSystemb,
    title = {{Semantic computation in a Chinese question-answering system}},
    year = {2002},
    journal = {Journal of Computer Science and Technology},
    author = {Li, Sujian and Zhang, Jian and Huang, Xiong and Bai, Shuo and Liu, Qun},
    number = {6},
    pages = {933--939},
    volume = {17},
    publisher = {Allerton Press Inc.},
    doi = {10.1007/BF02960786},
    issn = {10009000},
    keywords = {Hownet, Natural language processing, Question-answering, Relevancy, Similarity}
}

@article{Li2002SemanticSystemc,
    title = {{Semantic computation in a Chinese question-answering system}},
    year = {2002},
    journal = {Journal of Computer Science and Technology},
    author = {Li, Sujian and Zhang, Jian and Huang, Xiong and Bai, Shuo and Liu, Qun},
    number = {6},
    pages = {933--939},
    volume = {17},
    publisher = {Allerton Press Inc.},
    doi = {10.1007/BF02960786},
    issn = {10009000},
    keywords = {Hownet, Natural language processing, Question-answering, Relevancy, Similarity}
}

@article{Guo2009SemanticOntology,
    title = {{Semantic information integration and question answering based on pervasive agent ontology}},
    year = {2009},
    journal = {Expert Systems with Applications},
    author = {Guo, Qing lin and Zhang, Ming},
    number = {6},
    month = {8},
    pages = {10068--10077},
    volume = {36},
    doi = {10.1016/j.eswa.2009.01.056},
    issn = {09574174},
    keywords = {Answer extraction, Concept extraction, Natural language understanding, Pervasive agent ontology, Question answering, Semantic web}
}

@article{Guo2009SemanticOntologyb,
    title = {{Semantic information integration and question answering based on pervasive agent ontology}},
    year = {2009},
    journal = {Expert Systems with Applications},
    author = {Guo, Qing lin and Zhang, Ming},
    number = {6},
    month = {8},
    pages = {10068--10077},
    volume = {36},
    doi = {10.1016/j.eswa.2009.01.056},
    issn = {09574174},
    keywords = {Answer extraction, Concept extraction, Natural language understanding, Pervasive agent ontology, Question answering, Semantic web}
}

@article{Guo2009SemanticOntologyc,
    title = {{Semantic information integration and question answering based on pervasive agent ontology}},
    year = {2009},
    journal = {Expert Systems with Applications},
    author = {Guo, Qing lin and Zhang, Ming},
    number = {6},
    month = {8},
    pages = {10068--10077},
    volume = {36},
    doi = {10.1016/j.eswa.2009.01.056},
    issn = {09574174},
    keywords = {Answer extraction, Concept extraction, Natural language understanding, Pervasive agent ontology, Question answering, Semantic web}
}

@article{Hakkoum2016SemanticQuran,
    title = {{Semantic Q{\&}A System on the Qur’an}},
    year = {2016},
    journal = {Arabian Journal for Science and Engineering},
    author = {Hakkoum, Aimad and Raghay, Said},
    number = {12},
    month = {12},
    pages = {5205--5214},
    volume = {41},
    publisher = {Springer Verlag},
    doi = {10.1007/s13369-016-2251-y},
    issn = {21914281},
    keywords = {Knowledge extraction, Ontology, Qur’an, Semantic search}
}

@article{Hakkoum2016SemanticQuranb,
    title = {{Semantic Q{\&}A System on the Qur’an}},
    year = {2016},
    journal = {Arabian Journal for Science and Engineering},
    author = {Hakkoum, Aimad and Raghay, Said},
    number = {12},
    month = {12},
    pages = {5205--5214},
    volume = {41},
    publisher = {Springer Verlag},
    doi = {10.1007/s13369-016-2251-y},
    issn = {21914281},
    keywords = {Knowledge extraction, Ontology, Qur’an, Semantic search}
}

@article{Hakkoum2016SemanticQuranc,
    title = {{Semantic Q{\&}A System on the Qur’an}},
    year = {2016},
    journal = {Arabian Journal for Science and Engineering},
    author = {Hakkoum, Aimad and Raghay, Said},
    number = {12},
    month = {12},
    pages = {5205--5214},
    volume = {41},
    publisher = {Springer Verlag},
    doi = {10.1007/s13369-016-2251-y},
    issn = {21914281},
    keywords = {Knowledge extraction, Ontology, Qur’an, Semantic search}
}

@inproceedings{Mansouri2008SemanticallyRecognition,
    title = {{Semantically factoid question answering using fuzzy SVM named entity recognition}},
    year = {2008},
    booktitle = {Proceedings - International Symposium on Information Technology 2008, ITSim},
    author = {Mansouri, Alireza and Affendey, Lilly Suriani and Mamat, Ali and Kadir, Rabiah Abdul},
    volume = {2},
    isbn = {9781424423286},
    doi = {10.1109/ITSIM.2008.4631684}
}

@inproceedings{Tartir2011SemanticQA:Answering,
    title = {{SemanticQA: Exploiting semantic associations for cross-document question answering}},
    year = {2011},
    booktitle = {2011 4th International Symposium on Innovation in Information and Communication Technology, ISIICT'2011},
    author = {Tartir, Samir and Arpinar, I. Budak and McKnight, Bobby},
    pages = {1--6},
    doi = {10.1109/ISIICT.2011.6149593}
}

@inproceedings{Tartir2011SemanticQA:Answeringb,
    title = {{SemanticQA: Exploiting semantic associations for cross-document question answering}},
    year = {2011},
    booktitle = {2011 4th International Symposium on Innovation in Information and Communication Technology, ISIICT'2011},
    author = {Tartir, Samir and Arpinar, I. Budak and McKnight, Bobby},
    pages = {1--6},
    doi = {10.1109/ISIICT.2011.6149593}
}

@article{Woods1978SemanticsAnswering,
    title = {{Semantics and Quantification in Natural Language Question Answering}},
    year = {1978},
    journal = {Advances in Computers},
    author = {Woods, W. A.},
    number = {C},
    month = {1},
    pages = {1--87},
    volume = {17},
    publisher = {Elsevier},
    doi = {10.1016/S0065-2458(08)60390-3},
    issn = {00652458}
}

@techreport{WoodsSemanticsAnswering,
    title = {{Semantics and Quantification in Natural Language Question Answering}},
    booktitle = {ADVANCES IN COMPUTERS},
    author = {Woods, W A},
    volume = {17},
    doi = {10.1016/S0065-2458(08)60390-3}
}

@article{Poria2014SenticAnalysis,
    title = {{Sentic patterns: Dependency-based rules for concept-level sentiment analysis}},
    year = {2014},
    journal = {Knowledge-Based Systems},
    author = {Poria, Soujanya and Cambria, Erik and Winterstein, Grégoire and Huang, Guang Bin},
    number = {1},
    pages = {45--63},
    volume = {69},
    publisher = {Elsevier B.V.},
    doi = {10.1016/j.knosys.2014.05.005},
    issn = {09507051},
    keywords = {Artificial intelligence, Linguistic rules, Natural language processing, Opinion mining, Sentic computing}
}

@article{Bilal2016SentimentTechniques,
    title = {{Sentiment classification of Roman-Urdu opinions using Na{\"{i}}ve Bayesian, Decision Tree and KNN classification techniques}},
    year = {2016},
    journal = {Journal of King Saud University - Computer and Information Sciences},
    author = {Bilal, Muhammad and Israr, Huma and Shahid, Muhammad and Khan, Amin},
    number = {3},
    month = {7},
    pages = {330--344},
    volume = {28},
    publisher = {King Saud bin Abdulaziz University},
    doi = {10.1016/j.jksuci.2015.11.003},
    issn = {22131248},
    keywords = {Bag of words, Decision Tree, Na{\"{i}}ve Bayes, Opinion mining, Roman Urdu, k-Nearest Neighbor}
}

@inproceedings{2014ShallowSystem,
    title = {{Shallow parsing natural language processing implementation for intelligent automatic customer service system}},
    year = {2014},
    booktitle = {Proceedings - ICACSIS 2014: 2014 International Conference on Advanced Computer Science and Information Systems},
    month = {3},
    pages = {274--279},
    publisher = {Institute of Electrical and Electronics Engineers Inc.},
    isbn = {9781479980758},
    doi = {10.1109/ICACSIS.2014.7065845},
    keywords = {Artificial Intelligence, Customer Service, Dialogue System, Natural Language, POS Tagging, Predictive Annotation, Semantic Role, Shallow Parsing, rule-based, text chunking}
}

@inproceedings{2014ShallowSystemb,
    title = {{Shallow parsing natural language processing implementation for intelligent automatic customer service system}},
    year = {2014},
    booktitle = {Proceedings - ICACSIS 2014: 2014 International Conference on Advanced Computer Science and Information Systems},
    month = {3},
    pages = {274--279},
    publisher = {Institute of Electrical and Electronics Engineers Inc.},
    isbn = {9781479980758},
    doi = {10.1109/ICACSIS.2014.7065845},
    keywords = {Artificial Intelligence, Customer Service, Dialogue System, Natural Language, POS Tagging, Predictive Annotation, Semantic Role, Shallow Parsing, rule-based, text chunking}
}

@article{Shekarpour2015SINA:Data,
    title = {{SINA: Semantic interpretation of user queries for question answering on interlinked data}},
    year = {2015},
    journal = {Journal of Web Semantics},
    author = {Shekarpour, Saeedeh and Marx, Edgard and Ngonga Ngomo, Axel Cyrille and Auer, Sören},
    month = {1},
    pages = {39--51},
    volume = {30},
    publisher = {Elsevier},
    doi = {10.1016/j.websem.2014.06.002},
    issn = {15708268},
    keywords = {Disambiguation, Hidden, Markov model, Question answering, RDF, SPARQL, Search}
}

@article{Shekarpour2015SINA:Datab,
    title = {{SINA: Semantic interpretation of user queries for question answering on interlinked data}},
    year = {2015},
    journal = {Journal of Web Semantics},
    author = {Shekarpour, Saeedeh and Marx, Edgard and Ngonga Ngomo, Axel Cyrille and Auer, Sören},
    month = {1},
    pages = {39--51},
    volume = {30},
    publisher = {Elsevier},
    doi = {10.1016/j.websem.2014.06.002},
    issn = {15708268},
    keywords = {Disambiguation, Hidden, Markov model, Question answering, RDF, SPARQL, Search}
}

@misc{Slides/QAScottyih/Slides,
    title = {{Slides/QA Tutorial.pdf at master {\textperiodcentered} scottyih/Slides}},
    url = {https://github.com/scottyih/Slides/blob/master/QA%20Tutorial.pdf}
}

@article{Cui2007SoftAnswering,
    title = {{Soft pattern matching models for definitional question answering}},
    year = {2007},
    journal = {ACM Transactions on Information Systems},
    author = {Cui, Hang and Kan, Min Yen and Chua, Tat Seng},
    number = {2},
    month = {4},
    volume = {25},
    doi = {10.1145/1229179.1229182},
    issn = {10468188},
    keywords = {Definitional question answering, Soft patterns}
}

@incollection{Jurafsky2014SpeechProcessing,
    title = {{Speech and Language Processing}},
    year = {2014},
    booktitle = {Speech and Language Processing.},
    author = {Jurafsky, Daniel and Martin, James},
    pages = {441--458},
    volume = {3}
}

@article{Martin.2019SpeechProcessing,
    title = {{Speech and Language Processing: An introduction to natural language processing}},
    year = {2019},
    journal = {SPEECH and LANGUAGE PROCESSING An Introduction to Natural Language Processing Computational Linguistics and Speech Recognition},
    author = {Martin., Daniel Jurafsky & James H.},
    pages = {1--18},
    url = {http://www.cs.colorado.edu/~martin/slp.html}
}

@inproceedings{Zhang2007StructureClassification,
    title = {{Structure analysis and computation-based chinese question classification}},
    year = {2007},
    booktitle = {Proceedings - ALPIT 2007 6th International Conference on Advanced Language Processing and Web Information Technology},
    author = {Zhang, Liang and Zhou, Lang and Chen, Jia Jun},
    pages = {39--44},
    isbn = {0769529305},
    doi = {10.1109/ALPIT.2007.52},
    keywords = {2-gram, Bayes model, Question answering, Question classification}
}

@inproceedings{Zhang2007StructureClassificationb,
    title = {{Structure analysis and computation-based chinese question classification}},
    year = {2007},
    booktitle = {Proceedings - ALPIT 2007 6th International Conference on Advanced Language Processing and Web Information Technology},
    author = {Zhang, Liang and Zhou, Lang and Chen, Jia Jun},
    pages = {39--44},
    isbn = {0769529305},
    doi = {10.1109/ALPIT.2007.52},
    keywords = {2-gram, Bayes model, Question answering, Question classification}
}

@inproceedings{Zhang2007StructureClassificationc,
    title = {{Structure analysis and computation-based chinese question classification}},
    year = {2007},
    booktitle = {Proceedings - ALPIT 2007 6th International Conference on Advanced Language Processing and Web Information Technology},
    author = {Zhang, Liang and Zhou, Lang and Chen, Jia Jun},
    pages = {39--44},
    isbn = {0769529305},
    doi = {10.1109/ALPIT.2007.52},
    keywords = {2-gram, Bayes model, Question answering, Question classification}
}

@article{Christodoulou2015StructureClustering,
    title = {{Structure inference for linked data sources using clustering}},
    year = {2015},
    journal = {Lecture Notes in Computer Science (including subseries Lecture Notes in Artificial Intelligence and Lecture Notes in Bioinformatics)},
    author = {Christodoulou, Klitos and Paton, Norman W. and Fernandes, Alvaro A.A.},
    volume = {8990},
    publisher = {Springer Verlag},
    doi = {10.1007/978-3-662-46562-2{\_}1},
    issn = {16113349},
    keywords = {Clustering, Linked Data, Query formulation, Schema}
}

@misc{Kalyanpur2012StructuredDeepQA,
    title = {{Structured data and inference in DeepQA}},
    year = {2012},
    booktitle = {IBM Journal of Research and Development},
    author = {Kalyanpur, A. and Boguraev, B. K. and Patwardhan, S. and Murdock, J. W. and Lally, A. and Welty, C. and Prager, J. M. and Coppola, B. and Fokoue-Nkoutche, A. and Zhang, L. and Pan, Y. and Qiu, Z. M.},
    number = {3-4},
    month = {5},
    volume = {56},
    doi = {10.1147/JRD.2012.2188737},
    issn = {00188646}
}

@misc{Kalyanpur2012StructuredDeepQAb,
    title = {{Structured data and inference in DeepQA}},
    year = {2012},
    booktitle = {IBM Journal of Research and Development},
    author = {Kalyanpur, A. and Boguraev, B. K. and Patwardhan, S. and Murdock, J. W. and Lally, A. and Welty, C. and Prager, J. M. and Coppola, B. and Fokoue-Nkoutche, A. and Zhang, L. and Pan, Y. and Qiu, Z. M.},
    number = {3-4},
    month = {5},
    volume = {56},
    doi = {10.1147/JRD.2012.2188737},
    issn = {00188646}
}

@misc{Kalyanpur2012StructuredDeepQAc,
    title = {{Structured data and inference in DeepQA}},
    year = {2012},
    booktitle = {IBM Journal of Research and Development},
    author = {Kalyanpur, A. and Boguraev, B. K. and Patwardhan, S. and Murdock, J. W. and Lally, A. and Welty, C. and Prager, J. M. and Coppola, B. and Fokoue-Nkoutche, A. and Zhang, L. and Pan, Y. and Qiu, Z. M.},
    number = {3-4},
    month = {5},
    volume = {56},
    doi = {10.1147/JRD.2012.2188737},
    issn = {00188646}
}

@techreport{SuzukiSVMAnswering,
    title = {{SVM answer selection for open-domain question answering}},
    booktitle = {dl.acm.org},
    author = {Suzuki, J and Sasaki, Y and {\ldots}, E Maeda - of the 19th international conference on and 2002, undefined},
    url = {https://dl.acm.org/citation.cfm?id=1072347}
}

@misc{Kitchenham2009SystematicReview,
    title = {{Systematic literature reviews in software engineering - A systematic literature review}},
    year = {2009},
    booktitle = {Information and Software Technology},
    author = {Kitchenham, Barbara and Pearl Brereton, O. and Budgen, David and Turner, Mark and Bailey, John and Linkman, Stephen},
    number = {1},
    month = {1},
    pages = {7--15},
    volume = {51},
    doi = {10.1016/j.infsof.2008.09.009},
    issn = {09505849},
    keywords = {Cost estimation, Evidence-based software engineering, Systematic literature review, Systematic review quality, Tertiary study}
}

@misc{Kitchenham2009SystematicReviewb,
    title = {{Systematic literature reviews in software engineering - A systematic literature review}},
    year = {2009},
    booktitle = {Information and Software Technology},
    author = {Kitchenham, Barbara and Pearl Brereton, O. and Budgen, David and Turner, Mark and Bailey, John and Linkman, Stephen},
    number = {1},
    month = {1},
    pages = {7--15},
    volume = {51},
    doi = {10.1016/j.infsof.2008.09.009},
    issn = {09505849},
    keywords = {Cost estimation, Evidence-based software engineering, Systematic literature review, Systematic review quality, Tertiary study}
}

@misc{Kitchenham2009SystematicReviewc,
    title = {{Systematic literature reviews in software engineering - A systematic literature review}},
    year = {2009},
    booktitle = {Information and Software Technology},
    author = {Kitchenham, Barbara and Pearl Brereton, O. and Budgen, David and Turner, Mark and Bailey, John and Linkman, Stephen},
    number = {1},
    month = {1},
    pages = {7--15},
    volume = {51},
    doi = {10.1016/j.infsof.2008.09.009},
    issn = {09505849},
    keywords = {Cost estimation, Evidence-based software engineering, Systematic literature review, Systematic review quality, Tertiary study}
}

@inproceedings{Unger2012Template-basedData,
    title = {{Template-based question answering over RDF data}},
    year = {2012},
    booktitle = {WWW'12 - Proceedings of the 21st Annual Conference on World Wide Web},
    author = {Unger, Christina and B{\"{u}}hmann, Lorenz and Lehmann, Jens and Ngomo, Axel Cyrille Ngonga and Gerber, Daniel and Cimiano, Philipp},
    pages = {639--648},
    isbn = {9781450312295},
    doi = {10.1145/2187836.2187923},
    keywords = {Natural language patterns, Question answering, SPARQL, Semantic web}
}

@article{Allahyari2017TextSurvey,
    title = {{Text Summarization Techniques: A Brief Survey}},
    year = {2017},
    journal = {International Journal of Advanced Computer Science and Applications},
    author = {Allahyari, Mehdi and Pouriyeh, Seyedamin and Assefi, Mehdi and Safaei, Saeid and D., Elizabeth and B., Juan and Kochut, Krys},
    number = {10},
    volume = {8},
    publisher = {The Science and Information Organization},
    doi = {10.14569/ijacsa.2017.081052},
    issn = {2158107X},
    arxivId = {1707.02268}
}

@book{Clark2010TheProcessing,
    title = {{The Handbook of Computational Linguistics and Natural Language Processing}},
    year = {2010},
    booktitle = {The Handbook of Computational Linguistics and Natural Language Processing},
    author = {Clark, Alexander and Fox, Chris and Lappin, Shalom},
    isbn = {9781405155816},
    doi = {10.1002/9781444324044}
}

@book{Mitkov2003TheLinguistics,
    title = {{The Oxford Handbook of Computational Linguistics}},
    year = {2003},
    booktitle = {Literary and Linguistic Computing},
    author = {Mitkov, R.},
    number = {3},
    pages = {333--336},
    volume = {18},
    doi = {10.1093/llc/18.3.333},
    issn = {0268-1145}
}

@article{Ferrandez2011The,
    title = {{The QALL-ME Framework: A specifiable-domain multilingual Question Answering archi-tecture ARTICLE IN PRESS The QALL-ME Framework: A specifiable-domain multilingual Question Answering architecture *}},
    year = {2011},
    journal = {"Web Semantics: Science, Services and Agents on the World Wide Web"},
    author = {Ferr{\'{a}}ndez, Óscar and Spurk, Christian and Kouylekov, Milen and Dornescu, Iustin and Ferr{\'{a}}ndez, Sergio and Negri, Matteo and Izquierdo, Rubén and Tom{\'{a}}s, David and Orasan, Constantin and Neumann, Guenter and Magnini, Bernardo and Luis Vicedo, Jose},
    url = {http://qallme.fbk.eu/.},
    doi = {10.1016/j.websem.2011.01.002},
    keywords = {Multilingual environments, Natural Language Interfaces, Question Answering, Textual entailment}
}

@article{Ferrandez2018TheArchitecture,
    title = {{The QALL-ME Framework: A Specifiable-Domain Multilingual Question Answering Architecture}},
    year = {2018},
    journal = {SSRN Electronic Journal},
    author = {Ferrandez, Oscar and Spurk, Christian and Kouylekov, Milen and Dornescu, Iustin and Ferrandez, Sergio and Negri, Matteo and Izquierdo, Ruben and Tomas, David and Orasan, Constantin and Neumann, Guenter and Magnini, Bernardo and Vicedo, Jose Luis},
    month = {7},
    publisher = {Elsevier BV},
    doi = {10.2139/ssrn.3199513}
}

@inproceedings{Ayuningtyas2019TheModel,
    title = {{The Question Answering System of Indonesia's History Using Dynamic Memory Networks (DMN) Model}},
    year = {2019},
    booktitle = {ICICOS 2019 - 3rd International Conference on Informatics and Computational Sciences: Accelerating Informatics and Computational Research for Smarter Society in The Era of Industry 4.0, Proceedings},
    author = {Ayuningtyas, Afifah Aprilia and Kusumaningrum, Retno},
    month = {10},
    publisher = {Institute of Electrical and Electronics Engineers Inc.},
    isbn = {9781728146102},
    doi = {10.1109/ICICoS48119.2019.8982400},
    keywords = {Dynamic Memory Networks, factoid question, question answering system}
}

@inproceedings{Moldovan2000TheSystem,
    title = {{The structure and performance of an open-domain question answering system}},
    year = {2000},
    author = {Moldovan, Dan and Harabagiu, Sanda and Pasca, Marius and Mihalcea, Rada and Girju, Roxana and Goodrum, Richard and Rus, Vasile},
    pages = {563--570},
    publisher = {Association for Computational Linguistics (ACL)},
    doi = {10.3115/1075218.1075289}
}

@inproceedings{Moldovan2000TheSystemb,
    title = {{The structure and performance of an open-domain question answering system}},
    year = {2000},
    author = {Moldovan, Dan and Harabagiu, Sanda and Pasca, Marius and Mihalcea, Rada and Girju, Roxana and Goodrum, Richard and Rus, Vasile},
    pages = {563--570},
    publisher = {Association for Computational Linguistics (ACL)},
    doi = {10.3115/1075218.1075289}
}

@inproceedings{Moldovan2000TheSystemc,
    title = {{The structure and performance of an open-domain question answering system}},
    year = {2000},
    author = {Moldovan, Dan and Harabagiu, Sanda and Pasca, Marius and Mihalcea, Rada and Girju, Roxana and Goodrum, Richard and Rus, Vasile},
    pages = {563--570},
    publisher = {Association for Computational Linguistics (ACL)},
    doi = {10.3115/1075218.1075289}
}

@article{Voorhees2001TheTrack,
    title = {{The TREC question answering track*}},
    year = {2001},
    journal = {Natural Language Engineering},
    author = {Voorhees, Ellen M.},
    number = {4},
    pages = {361--378},
    volume = {7},
    doi = {10.1017/S1351324901002789},
    issn = {14698110}
}

@article{TrecTheReport,
    title = {{The TREC-8 question answering track report}},
    journal = {trec.nist.gov},
    author = {Trec, EM Voorhees - and 1999, undefined},
    url = {https://trec.nist.gov/pubs/trec8/papers/qa_report.pdf}
}

@techreport{PackTheAnswering,
    title = {{The Use of Dynamic Segment Scoring for Language-Independent Question Answering}},
    author = {Pack, Daniel and Weinstein, Clifford},
    keywords = {Dynamic Sliding Window, Natural Language Processing, Proximity Distribution, Query Understand-ing, Question/Answer}
}

@techreport{Pack2001TheAnswering,
    title = {{The Use of Dynamic Segment Scoring for Language-Independent Question Answering}},
    year = {2001},
    author = {Pack, Daniel and Weinstein, Clifford},
    month = {1},
    url = {http://www.dtic.mil/docs/citations/ADA460584},
    institution = {OSD or Non-Service DoD Agency},
    doi = {10.21236/ADA460584}
}

@techreport{Pack2001TheAnsweringb,
    title = {{The Use of Dynamic Segment Scoring for Language-Independent Question Answering}},
    year = {2001},
    author = {Pack, Daniel and Weinstein, Clifford},
    month = {1},
    url = {http://www.dtic.mil/docs/citations/ADA460584},
    institution = {OSD or Non-Service DoD Agency},
    doi = {10.21236/ADA460584}
}

@inproceedings{Bonnefoy2011TheQuestions,
    title = {{The web as a source of evidence for filtering candidate answers to natural language questions}},
    year = {2011},
    booktitle = {Proceedings - 2011 IEEE/WIC/ACM International Conference on Web Intelligence, WI 2011},
    author = {Bonnefoy, Ludovic and Bellot, Patrice and Benoit, Michel},
    pages = {63--66},
    volume = {1},
    isbn = {9780769545134},
    doi = {10.1109/WI-IAT.2011.226},
    keywords = {Information filtering, Information retrieval, Natural language processing, Question-Answering, TREC Entity}
}

@article{BonnefoyTheQuestions,
    title = {{The web as a source of evidence for filtering candidate answers to natural language questions}},
    journal = {ieeexplore.ieee.org},
    author = {Bonnefoy, L and Bellot, P and IEEE/WIC/ACM, M Benoit - 2011 and 2011, undefined},
    url = {https://ieeexplore.ieee.org/abstract/document/6040497/}
}

@inproceedings{Jadhav2020TowardsSystems,
    title = {{Towards Designing Conversational Agent Systems}},
    year = {2020},
    booktitle = {Advances in Intelligent Systems and Computing},
    author = {Jadhav, Komal P. and Thorat, Sandeep A.},
    pages = {533--542},
    volume = {1025},
    publisher = {Springer},
    isbn = {9789813295148},
    doi = {10.1007/978-981-32-9515-5{\_}51},
    issn = {21945365},
    keywords = {AI, AI based, Chatbot, Conversation agent, Machine learning, NLP, Rule based}
}

@article{Yin2017Type-AwareNetworks,
    title = {{Type-Aware Question Answering over Knowledge Base with Attention-Based Tree-Structured Neural Networks}},
    year = {2017},
    journal = {Journal of Computer Science and Technology},
    author = {Yin, Jun and Zhao, Wayne Xin and Li, Xiao Ming},
    number = {4},
    month = {7},
    pages = {805--813},
    volume = {32},
    publisher = {Springer New York LLC},
    doi = {10.1007/s11390-017-1761-8},
    issn = {18604749},
    keywords = {deep neural network, knowledge base, question answering}
}

@article{Yin2017Type-AwareNetworksb,
    title = {{Type-Aware Question Answering over Knowledge Base with Attention-Based Tree-Structured Neural Networks}},
    year = {2017},
    journal = {Journal of Computer Science and Technology},
    author = {Yin, Jun and Zhao, Wayne Xin and Li, Xiao Ming},
    number = {4},
    month = {7},
    pages = {805--813},
    volume = {32},
    publisher = {Springer New York LLC},
    doi = {10.1007/s11390-017-1761-8},
    issn = {18604749},
    keywords = {deep neural network, knowledge base, question answering}
}

@article{More2012UnVirtual,
    title = {{Un sistema de respuestas a consultas formuladas por alumnos en un contexto de aprendizaje virtual}},
    year = {2012},
    journal = {RUSC Universities and Knowledge Society Journal},
    author = {Mor{\'{e}}, Joaquim and Climent, Salvador and Coll-Florit, Marta},
    number = {2},
    pages = {229--239},
    volume = {9},
    doi = {10.7238/rusc.v9i2.1161},
    issn = {1698580X},
    keywords = {E-learning, Question-answering systems, Speech acts, Tutor}
}

@article{More2012UnVirtualb,
    title = {{Un sistema de respuestas a consultas formuladas por alumnos en un contexto de aprendizaje virtual}},
    year = {2012},
    journal = {RUSC Universities and Knowledge Society Journal},
    author = {Mor{\'{e}}, Joaquim and Climent, Salvador and Coll-Florit, Marta},
    number = {2},
    pages = {229--239},
    volume = {9},
    doi = {10.7238/rusc.v9i2.1161},
    issn = {1698580X},
    keywords = {E-learning, Question-answering systems, Speech acts, Tutor}
}

@article{More2012UnVirtualc,
    title = {{Un sistema de respuestas a consultas formuladas por alumnos en un contexto de aprendizaje virtual}},
    year = {2012},
    journal = {RUSC Universities and Knowledge Society Journal},
    author = {Mor{\'{e}}, Joaquim and Climent, Salvador and Coll-Florit, Marta},
    number = {2},
    pages = {229--239},
    volume = {9},
    doi = {10.7238/rusc.v9i2.1161},
    issn = {1698580X},
    keywords = {E-learning, Question-answering systems, Speech acts, Tutor}
}

@misc{UnbenannteTabellen,
    title = {{Unbenannte Tabelle - Google Tabellen}},
    url = {https://docs.google.com/spreadsheets/d/1hArsnQqtV_S3Dz_pfAmyaQ4ORkr8ak0x18Jm_40bMEk/edit?hl=de#gid=0}
}

@article{GreenwoodUsingAnswering,
    title = {{Using a named entity tagger to generalise surface matching text patterns for question answering}},
    journal = {Citeseer},
    author = {Greenwood, MA and Natural, R Gaizauskas - Proceedings of the Workshop on and 2003, undefined},
    url = {http://citeseerx.ist.psu.edu/viewdoc/download?doi=10.1.1.14.9942&rep=rep1&type=pdf#page=38}
}

@article{Liu2007UsingSummarization,
    title = {{Using LSA and text segmentation to improve automatic Chinese dialogue text summarization}},
    year = {2007},
    journal = {Journal of Zhejiang University: Science A},
    author = {Liu, Chuan Han and Wang, Yong Cheng and Zheng, Fei and Liu, De Rong},
    number = {1},
    month = {1},
    pages = {79--87},
    volume = {8},
    doi = {10.1631/jzus.2007.A0079},
    issn = {10093095},
    keywords = {Automatic text summarization, Coherence, Dialogue style, Latent semantic analysis (LSA), Question-answer pairs, Text segmentation}
}

@article{Liu2007UsingSummarizationb,
    title = {{Using LSA and text segmentation to improve automatic Chinese dialogue text summarization}},
    year = {2007},
    journal = {Journal of Zhejiang University: Science A},
    author = {Liu, Chuan Han and Wang, Yong Cheng and Zheng, Fei and Liu, De Rong},
    number = {1},
    month = {1},
    pages = {79--87},
    volume = {8},
    doi = {10.1631/jzus.2007.A0079},
    issn = {10093095},
    keywords = {Automatic text summarization, Coherence, Dialogue style, Latent semantic analysis (LSA), Question-answer pairs, Text segmentation}
}

@article{Liu2007UsingSummarizationc,
    title = {{Using LSA and text segmentation to improve automatic Chinese dialogue text summarization}},
    year = {2007},
    journal = {Journal of Zhejiang University: Science A},
    author = {Liu, Chuan Han and Wang, Yong Cheng and Zheng, Fei and Liu, De Rong},
    number = {1},
    month = {1},
    pages = {79--87},
    volume = {8},
    doi = {10.1631/jzus.2007.A0079},
    issn = {10093095},
    keywords = {Automatic text summarization, Coherence, Dialogue style, Latent semantic analysis (LSA), Question-answer pairs, Text segmentation}
}

@article{Ilvovsky2014UsingQueries,
    title = {{Using semantically connected parse trees to answer multi-sentence queries}},
    year = {2014},
    journal = {Automatic Documentation and Mathematical Linguistics},
    author = {Ilvovsky, D. A.},
    number = {1},
    month = {1},
    pages = {33--41},
    volume = {48},
    publisher = {Allerton Press},
    doi = {10.3103/s0005105514010063},
    issn = {0005-1055}
}

@article{Ilvovsky2014UsingQueriesb,
    title = {{Using semantically connected parse trees to answer multi-sentence queries}},
    year = {2014},
    journal = {Automatic Documentation and Mathematical Linguistics},
    author = {Ilvovsky, D. A.},
    number = {1},
    month = {1},
    pages = {33--41},
    volume = {48},
    publisher = {Allerton Press},
    doi = {10.3103/s0005105514010063},
    issn = {0005-1055}
}

@article{Ilvovsky2014UsingQueriesc,
    title = {{Using semantically connected parse trees to answer multi-sentence queries}},
    year = {2014},
    journal = {Automatic Documentation and Mathematical Linguistics},
    author = {Ilvovsky, D. A.},
    number = {1},
    month = {1},
    pages = {33--41},
    volume = {48},
    publisher = {Allerton Press},
    doi = {10.3103/s0005105514010063},
    issn = {0005-1055}
}

@inproceedings{Jovita2015UsingSystem,
    title = {{Using Vector Space Model in Question Answering System}},
    year = {2015},
    booktitle = {Procedia Computer Science},
    author = {{Jovita} and {Linda} and Hartawan, Andrei and Suhartono, Derwin},
    pages = {305--311},
    volume = {59},
    publisher = {Elsevier},
    doi = {10.1016/j.procs.2015.07.570},
    issn = {18770509},
    keywords = {Information Retrieval, Question Answering System, Vector Space Model}
}

@inproceedings{Jovita2015UsingSystemb,
    title = {{Using Vector Space Model in Question Answering System}},
    year = {2015},
    booktitle = {Procedia Computer Science},
    author = {{Jovita} and {Linda} and Hartawan, Andrei and Suhartono, Derwin},
    pages = {305--311},
    volume = {59},
    publisher = {Elsevier},
    doi = {10.1016/j.procs.2015.07.570},
    issn = {18770509},
    keywords = {Information Retrieval, Question Answering System, Vector Space Model}
}

@inproceedings{Jovita2015UsingSystemc,
    title = {{Using Vector Space Model in Question Answering System}},
    year = {2015},
    booktitle = {Procedia Computer Science},
    author = {{Jovita} and {Linda} and Hartawan, Andrei and Suhartono, Derwin},
    pages = {305--311},
    volume = {59},
    publisher = {Elsevier},
    doi = {10.1016/j.procs.2015.07.570},
    issn = {18770509},
    keywords = {Information Retrieval, Question Answering System, Vector Space Model}
}

@inproceedings{Rabiah2008UtilizationReasoning,
    title = {{Utilization of external knowledge to support answer extraction from restricted document using logical reasoning}},
    year = {2008},
    booktitle = {Proceedings - International Symposium on Information Technology 2008, ITSim},
    author = {Rabiah, A. K. and Sembok, T. M.T. and Halimah, B. Z.},
    volume = {2},
    isbn = {9781424423286},
    doi = {10.1109/ITSIM.2008.4631702}
}

@inproceedings{Rabiah2008UtilizationReasoningb,
    title = {{Utilization of external knowledge to support answer extraction from restricted document using logical reasoning}},
    year = {2008},
    booktitle = {Proceedings - International Symposium on Information Technology 2008, ITSim},
    author = {Rabiah, A. K. and Sembok, T. M.T. and Halimah, B. Z.},
    volume = {2},
    isbn = {9781424423286},
    doi = {10.1109/ITSIM.2008.4631702}
}

@inproceedings{Aarabi2013VirtualDiagnosis,
    title = {{Virtual cardiologist - A conversational system for medical diagnosis}},
    year = {2013},
    booktitle = {Canadian Conference on Electrical and Computer Engineering},
    author = {Aarabi, Parham},
    isbn = {9781479900329},
    doi = {10.1109/CCECE.2013.6567775},
    issn = {08407789},
    keywords = {NLP, belief networks, conversational systems, expert systems, medical diagnosis, ngrams, telemedicine}
}

@techreport{Carbonell2000VisionSummarization,
    title = {{Vision statement to guide research in Question {\&} Answering (Q{\&}A) and Text Summarization history of information retrieval View project Usable Privacy Policy Project View project Vision Statement to Guide Research in Question {\&} Answering (Q{\&}A) and Text Summarization}},
    year = {2000},
    booktitle = {researchgate.net},
    author = {Carbonell, Jaime G and Harman, Donna and Hovy, Eduard and Carbonell, Jaime and Maiorano, Steve and Prange, John and Sparck-Jones, Karen},
    url = {https://www.researchgate.net/publication/228600187}
}

@misc{Ferrucci2013Watson:Jeopardy,
    title = {{Watson: Beyond jeopardy!}},
    year = {2013},
    booktitle = {Artificial Intelligence},
    author = {Ferrucci, David and Levas, Anthony and Bagchi, Sugato and Gondek, David and Mueller, Erik T.},
    pages = {93--105},
    volume = {199-200},
    publisher = {Elsevier B.V.},
    doi = {10.1016/j.artint.2012.06.009},
    issn = {00043702}
}

@techreport{ZhangWebAnswering,
    title = {{Web based Pattern Mining and Matching Approach to Question Answering}},
    booktitle = {trec.nist.gov},
    author = {Zhang, Dell and Lee, Wee Sun},
    url = {http://www.google.com/}
}

@article{JurafskyWhatAnswering,
    title = {{What is Question Answering}},
    author = {Jurafsky, Dan}
}

@incollection{Fellbaum2010WordNet,
    title = {{WordNet}},
    year = {2010},
    booktitle = {Theory and Applications of Ontology: Computer Applications},
    author = {Fellbaum, Christiane},
    pages = {231--243},
    publisher = {Springer Netherlands},
    isbn = {9789048188468},
    doi = {10.1007/978-90-481-8847-5{\_}10}
}

@article{Miller1995WordNet:English,
    title = {{WordNet: A Lexical Database for English}},
    year = {1995},
    journal = {Communications of the ACM},
    author = {Miller, George A.},
    number = {11},
    month = {11},
    pages = {39--41},
    volume = {38},
    doi = {10.1145/219717.219748},
    issn = {15577317}
}

@article{Mitrofanov2013Thesis,
    title = {{Магистерская Диссертация Master Thesis}},
    year = {2013},
    author = {Mitrofanov, Dmitry},
    number = {March}
}

@article{Cruz2013NoTitle,
    title = {{済無No Title No Title}},
    year = {2013},
    journal = {Journal of Chemical Information and Modeling},
    author = {Cruz, Anna Paula Soares},
    number = {9},
    pages = {1689--1699},
    volume = {53},
    isbn = {9788578110796},
    doi = {10.1017/CBO9781107415324.004},
    issn = {1098-6596},
    pmid = {25246403},
    arxivId = {arXiv:1011.1669v3},
    keywords = {icle}
}